<!DOCTYPE html>
<html class="whatinput-types-initial" data-whatinput="initial" data-whatintent="mouse" lang="de">
<head>


    <title>alle Whisky Sorten - foobaa.de</title>


    <link rel="canonical" href="https://www.foobaa.de/alle-whiskies">

    <link rel="next" href="https://www.foobaa.de/alle-whiskies?page=2">
    <meta name="robots" content="index,follow">

    <meta charset="utf-8">
    <meta http-equiv="X-UA-Compatible" content="ie=edge">
    <meta name="viewport" content="width=device-width, initial-scale=1.0">
    <link rel="stylesheet" href="foobaa.de_all_sorts_p1_files/app.css">


<body>
<div class="off-canvas-wrapper">
    <div id="off-canvas" class="off-canvas position-left is-transition-push is-closed" data-off-canvas="null"
         aria-hidden="true" data-t="zckt3j-t">
    </div>
    <div class="js-off-canvas-overlay is-overlay-fixed"></div>
    <div data-off-canvas-content="null" id="off-canvas-content" class="off-canvas-content">
        <header id="wwheader">

            <div class="topinfobar" id="top">
                <div class="grid-container">
                    <div class="grid-x">
                        <div class="auto cell"><a href="https://www.foobaa.de/"><b>Shop</b></a><a
                                href="https://www.foobaa.de/magazin/">Magazin</a></div>
                        <div class="shrink cell">

                            <a href="https://www.foobaa.de/foobaa.de-hilfe">Hilfe</a>
                            <a href="tel:+498555406320" title="(Mo-Fr. 9:00-18:00 Uhr)" class="phone">+49 (0)8555 / 406
                                320</a>
                        </div>
                    </div>
                </div>
            </div>
            <div class="topmainbar grid-container">
                <div class="grid-x align-middle">
                    <div class="medium-3 cell logocell"><a href="https://www.foobaa.de/"><img alt="foobaa.de-Logo"
                                                                                              src="foobaa.de_all_sorts_p1_files/foobaa.de-logo-200px.png"></a>
                    </div>
                    <div class="medium-5 cell searchcell hide-for-small-only">


                        <form id="id13" method="post" action="./alle-whiskies?1-1.-brix~tile~162-searchForm">
                            <div class="input-group">
                                <input class="input-group-field" placeholder="Finden Sie Whisky, Marken &amp; mehr"
                                       autocomplete="off" name="searchField" id="id11" type="text">
                                <div class="input-group-button">
                                    <input class="button" src="foobaa.de_all_sorts_p1_files/fi-magnifying-glass.svg"
                                           type="image">
                                </div>
                            </div>
                        </form>

                        <span id="id14" style="display:none"></span>


                    </div>
                    <div class="medium-4 cell actioncell">
                        <ul class="menu icons icon-top expanded">
                            <li><a href="https://www.foobaa.de/konto"><i><img alt="mein Konto"
                                                                              src="foobaa.de_all_sorts_p1_files/fi-torso.svg"></i><span>Mein Konto</span></a>
                            </li>
                            <li><a href="https://www.foobaa.de/konto/wunschliste"><i><img alt="wunschliste"
                                                                                          src="foobaa.de_all_sorts_p1_files/fi-star.svg"></i><span>Wunschliste</span></a>
                            </li>
                            <li>
                                <div id="header-cart">
                                    <a href="https://www.foobaa.de/warenkorb">
                                        <i><img src="foobaa.de_all_sorts_p1_files/fi-shopping-cart.svg"
                                                alt="zum Warenkorb"></i>
                                        <span>Warenkorb</span>

                                    </a>
                                </div>
                            </li>
                        </ul>
                    </div>
                </div>
            </div>
            <div class="topnavbardesktop hide-for-small-only">
                <div class="grid-x">
                    <div class="cell">
                        <div id="hauptmenu">
                            <ul class="menu main-menu">

                                <li><a data-toggle="nav-whisky" href="https://www.foobaa.de/whisky-whiskey-home"
                                       aria-controls="nav-whisky" data-is-focus="false" data-yeti-box="nav-whisky"
                                       aria-haspopup="true" aria-expanded="false"><span>Whisky</span></a></li>

                                <li><a data-toggle="nav-spirituosen" href="https://www.foobaa.de/spirituosen-home"
                                       aria-controls="nav-spirituosen" data-is-focus="false"
                                       data-yeti-box="nav-spirituosen" aria-haspopup="true" aria-expanded="false"><span>Spirituosen</span></a>
                                </li>

                                <li><a data-toggle="nav-zigarren" href="https://www.foobaa.de/zigarren-zigarillos-home"
                                       aria-controls="nav-zigarren" data-is-focus="false" data-yeti-box="nav-zigarren"
                                       aria-haspopup="true" aria-expanded="false"><span>Zigarren</span></a></li>

                                <li><a data-toggle="nav-weine" href="https://www.foobaa.de/wein-home"
                                       aria-controls="nav-weine" data-is-focus="false" data-yeti-box="nav-weine"
                                       aria-haspopup="true" aria-expanded="false"><span>Weine</span></a></li>

                                <li><a data-toggle="nav-feinkost"
                                       href="https://www.foobaa.de/feinkost-delikatessen-home"
                                       aria-controls="nav-feinkost" data-is-focus="false" data-yeti-box="nav-feinkost"
                                       aria-haspopup="true" aria-expanded="false"><span>Feinkost</span></a></li>

                                <li><a data-toggle="nav-zubehoer"
                                       href="https://www.foobaa.de/genusszubehoer-genussaccessoires-home"
                                       aria-controls="nav-zubehoer" data-is-focus="false" data-yeti-box="nav-zubehoer"
                                       aria-haspopup="true" aria-expanded="false"><span>Zubehör</span></a></li>

                                <li class="lastright"><a href="https://www.foobaa.de/themen/sonderangebote"><span>% Angebote</span></a>
                                </li>
                            </ul>
                        </div>
                        <div id="nav-whisky" class="dropdown-pane bottom grid-container" data-dropdown="data-dropdown"
                             data-options="closeOnClick:true; hover: true; hoverPane: true;" aria-hidden="true"
                             data-yeti-box="nav-whisky" data-resize="nav-whisky" aria-labelledby="tgn04x-dd-anchor"
                             data-t="opdghw-t" data-events="resize">
                            <div class="grid-x">
                                <div class="medium-3 cell"><span>nach Kategorien</span>
                                    <ul class="vertical menu">
                                        <li><a href="https://www.foobaa.de/alle-whiskies">alle Whiskies</a></li>
                                        <li><a href="https://www.foobaa.de/blended-malt">Blended Malt</a></li>
                                        <li><a href="https://www.foobaa.de/blended-whiskies">Blended Whisky</a></li>
                                        <li><a href="https://www.foobaa.de/bourbon">Bourbon</a></li>
                                        <li><a href="https://www.foobaa.de/grain-korn-rye">Grain/ Korn/ Rye</a></li>
                                        <li><a href="https://www.foobaa.de/single-malt">Single Malt</a></li>
                                    </ul>
                                    <span>Themen</span>
                                    <ul class="vertical menu">
                                        <li><a href="https://www.foobaa.de/whisky-adventskalender">Whisky-Adventskalender</a>
                                        </li>
                                        <li>
                                            <a href="https://www.foobaa.de/whisky-geschenkideen">Whisky-Geschenkideen</a>
                                        </li>
                                        <li><a href="https://www.foobaa.de/whisky-glaeser">Whiskygläser</a></li>
                                        <li><a href="https://www.foobaa.de/whisky-likoere">Whiskyliköre</a></li>
                                    </ul>
                                </div>
                                <div class="medium-3 cell"><span>besondere Länder</span>
                                    <ul class="vertical menu">
                                        <li><a href="https://www.foobaa.de/schottischer-whisky">Schottland</a></li>
                                        <li><a href="https://www.foobaa.de/irischer-whiskey">Irland</a></li>
                                        <li><a href="https://www.foobaa.de/amerikanischer-whiskey">USA</a></li>
                                        <li><a href="https://www.foobaa.de/japanischer-whisky">Japan</a></li>
                                    </ul>
                                    <span>besondere Regionen</span>
                                    <ul class="vertical menu">
                                        <li>
                                            <a href="https://www.foobaa.de/alle-whiskies?ft=%7B%22facet_marke_region%22%253A%22Schottland%2B%28Speyside%29%22%7D">Speyside</a>
                                        </li>
                                        <li>
                                            <a href="https://www.foobaa.de/alle-whiskies?ft=%7B%22facet_marke_region%22%253A%22Schottland%2B%28Northern%2BHighlands%29%22%7D">Northern
                                                Highlands</a></li>
                                        <li>
                                            <a href="https://www.foobaa.de/alle-whiskies?ft=%7B%22facet_marke_region%22%253A%22Schottland%2B%28Western%2BHighlands%29%22%7D">Western
                                                Highlands</a></li>
                                        <li>
                                            <a href="https://www.foobaa.de/alle-whiskies?ft=%7B%22facet_marke_region%22%253A%22Schottland%2B%28Eastern%2BHighlands%29%22%7D">Eastern
                                                Highlands</a></li>
                                        <li>
                                            <a href="https://www.foobaa.de/alle-whiskies?ft=%7B%22facet_marke_region%22%253A%22Schottland%2B%28Lowlands%29%22%7D">Lowlands</a>
                                        </li>
                                        <li>
                                            <a href="https://www.foobaa.de/alle-whiskies?ft=%7B%22facet_marke_region%22%253A%22Schottland%2B%28Skye%29%22%7D">Skye</a>
                                        </li>
                                        <li>
                                            <a href="https://www.foobaa.de/alle-whiskies?ft=%7B%22facet_marke_region%22%253A%22Schottland%2B%28Islay%29%22%7D">Islay</a>
                                        </li>
                                    </ul>
                                </div>
                                <div class="medium-3 cell"><span>nach Inhalt</span>
                                    <ul class="vertical menu">
                                        <li>
                                            <a href="https://www.foobaa.de/alle-whiskies?ft=%7B%22facet_inhalt%22%253A%220%252C70%2BLiter%22%7D">0,7
                                                Liter</a></li>
                                        <li>
                                            <a href="https://www.foobaa.de/alle-whiskies?ft=%7B%22facet_inhalt%22%253A%221%2BLiter%22%7D">1,0
                                                Liter</a></li>
                                        <li>
                                            <a href="https://www.foobaa.de/alle-whiskies?ft=%7B%22facet_inhalt%22:%220,050+Liter%22%7D">0,05
                                                Liter (Miniaturen)</a></li>
                                    </ul>
                                    <span>Whisky - Zubehör</span>
                                    <ul class="vertical menu">
                                        <li>
                                            <a href="https://www.foobaa.de/genusszubehoer-genussaccessoires/b%C3%BCcher">Bücher</a>
                                        </li>
                                        <li><a href="https://www.foobaa.de/whisky-glaeser">Gläser</a></li>
                                        <li>
                                            <a href="https://www.foobaa.de/genusszubehoer-genussaccessoires/wasserkr%C3%BCge">Wasserkrüge</a>
                                        </li>
                                    </ul>
                                    <span>Passendes</span>
                                    <ul class="vertical menu">
                                        <li><a href="https://www.foobaa.de/feinkost-delikatessen/shortbread--biscuit">Shortbread</a>
                                        </li>
                                        <li><a href="https://www.foobaa.de/whisky-likoere">(Whisky-) Liköre</a></li>
                                    </ul>
                                </div>
                                <div class="medium-3 cell"><span>nach Preis</span>
                                    <ul class="vertical menu">
                                        <li>
                                            <a href="https://www.foobaa.de/alle-whiskies?ft=%7B%22facet_preis%22%253A%22bis%2B5%252C00%2B%E2%82%AC%22%7D">bis
                                                5,00 €</a></li>
                                        <li>
                                            <a href="https://www.foobaa.de/alle-whiskies?ft=%7B%22facet_preis%22%253A%22von%2B5%252C00%2B%E2%82%AC%2Bbis%2B10%252C00%2B%E2%82%AC%22%7D">von
                                                5,00 € bis 10,00 €</a></li>
                                        <li>
                                            <a href="https://www.foobaa.de/alle-whiskies?ft=%7B%22facet_preis%22%253A%22von%2B10%252C00%2B%E2%82%AC%2Bbis%2B25%252C00%2B%E2%82%AC%22%7D">von
                                                10,00 € bis 25,00 €</a></li>
                                        <li>
                                            <a href="https://www.foobaa.de/alle-whiskies?ft=%7B%22facet_preis%22%253A%22von%2B25%252C00%2B%E2%82%AC%2Bbis%2B50%252C00%2B%E2%82%AC%22%7D">von
                                                25,00 € bis 50,00 €</a></li>
                                        <li>
                                            <a href="https://www.foobaa.de/alle-whiskies?ft=%7B%22facet_preis%22%253A%22von%2B50%252C00%2B%E2%82%AC%2Bbis%2B100%252C00%2B%E2%82%AC%22%7D">von
                                                50,00 € bis 100,00 €</a></li>
                                        <li>
                                            <a href="https://www.foobaa.de/alle-whiskies?ft=%7B%22facet_preis%22%253A%22ab%2B100%252C00%2B%E2%82%AC%22%7D">ab
                                                100,00 €</a></li>
                                    </ul>
                                    <span>Gutscheine</span>
                                    <ul class="vertical menu">
                                        <li><a href="https://www.foobaa.de/foobaa.de-gutschein"><img alt="Gutscheine"
                                                                                                     src="foobaa.de_all_sorts_p1_files/gutschein_s.gif"></a>
                                        </li>
                                    </ul>
                                </div>
                            </div>
                        </div>
                        <div id="nav-spirituosen" class="dropdown-pane bottom grid-container"
                             data-dropdown="data-dropdown"
                             data-options="closeOnClick:true; hover: true; hoverPane: true;" aria-hidden="true"
                             data-yeti-box="nav-spirituosen" data-resize="nav-spirituosen"
                             aria-labelledby="ng7z0a-dd-anchor" data-t="b76zlu-t" data-events="resize">
                            <div class="grid-x">
                                <div class="medium-3 cell"><span>nach Kategorien</span>
                                    <ul class="vertical menu">
                                        <li><a href="https://www.foobaa.de/spirituosen">alle Sprituosen</a></li>
                                        <li><a href="https://www.foobaa.de/spirituosen/absinth--absinthe">Absinth/
                                            Absinthe</a></li>
                                        <li><a href="https://www.foobaa.de/spirituosen/aquavit--akvavit">Aquavit/
                                            Akvavit</a></li>
                                        <li><a href="https://www.foobaa.de/spirituosen/brandy">Brandy</a></li>
                                        <li><a href="https://www.foobaa.de/spirituosen/calvados">Calvados</a></li>
                                        <li><a href="https://www.foobaa.de/spirituosen/cognac--armagnac">Cognac/
                                            Armagnac</a></li>
                                        <li><a href="https://www.foobaa.de/spirituosen/edle-br%C3%A4nde">Edle Brände</a>
                                        </li>
                                        <li><a href="https://www.foobaa.de/spirituosen/gin--genever">Gin/ Genever</a>
                                        </li>
                                        <li><a href="https://www.foobaa.de/spirituosen/grappa">Grappa</a></li>
                                        <li><a href="https://www.foobaa.de/spirituosen/lik%C3%B6r">Likör</a></li>
                                        <li><a href="https://www.foobaa.de/spirituosen/rum">Rum</a></li>
                                        <li><a href="https://www.foobaa.de/spirituosen/tequila">Tequila</a></li>
                                        <li><a href="https://www.foobaa.de/spirituosen/weinbrand">Weinbrand</a></li>
                                        <li><a href="https://www.foobaa.de/spirituosen/wodka--vodka">Wodka/ Vodka</a>
                                        </li>
                                    </ul>
                                </div>
                                <div class="medium-3 cell"><span>besondere Länder</span>
                                    <ul class="vertical menu">
                                        <li>
                                            <a href="https://www.foobaa.de/spirituosen?ft=%7B%22facet_marke_land%22%253A%22Frankreich%22%7D">Frankreich</a>
                                        </li>
                                        <li>
                                            <a href="https://www.foobaa.de/spirituosen?ft=%7B%22facet_marke_land%22%253A%22Mexiko%22%7D">Mexiko</a>
                                        </li>
                                        <li>
                                            <a href="https://www.foobaa.de/spirituosen?ft=%7B%22facet_marke_land%22%253A%22UK%2B%28England%29%22%7D">UK
                                                (England)</a></li>
                                        <li>
                                            <a href="https://www.foobaa.de/spirituosen?ft=%7B%22facet_marke_land%22%253A%22UK%2B%28Schottland%29%22%7D">UK
                                                (Schottland)</a></li>
                                        <li>
                                            <a href="https://www.foobaa.de/spirituosen?ft=%7B%22facet_marke_land%22%253A%22Kuba%22%7D">Kuba</a>
                                        </li>
                                        <li>
                                            <a href="https://www.foobaa.de/spirituosen?ft=%7B%22facet_marke_land%22%253A%22Italien%22%7D">Italien</a>
                                        </li>
                                    </ul>
                                </div>
                                <div class="medium-3 cell"><span>nach Inhalt</span>
                                    <ul class="vertical menu">
                                        <li>
                                            <a href="https://www.foobaa.de/spirituosen?ft=%7B%22facet_inhalt%22%253A%220%252C050%2BLiter%22%7D">0,05
                                                Liter (Miniaturen)</a></li>
                                        <li>
                                            <a href="https://www.foobaa.de/spirituosen?ft=%7B%22facet_inhalt%22%253A%220%252C50%2BLiter%22%7D">0,50
                                                Liter</a></li>
                                        <li>
                                            <a href="https://www.foobaa.de/spirituosen?ft=%7B%22facet_inhalt%22%253A%220%252C70%2BLiter%22%7D">0,70
                                                Liter</a></li>
                                        <li>
                                            <a href="https://www.foobaa.de/spirituosen?ft=%7B%22facet_inhalt%22%253A%221%2BLiter%22%7D">1,00
                                                Liter</a></li>
                                    </ul>
                                    <span>Spirituosen - Zubehör</span>
                                    <ul class="vertical menu">
                                        <li>
                                            <a href="https://www.foobaa.de/genusszubehoer-genussaccessoires/b%C3%BCcher">Bücher</a>
                                        </li>
                                        <li>
                                            <a href="https://www.foobaa.de/genusszubehoer-genussaccessoires/gl%C3%A4ser">Gläser</a>
                                        </li>
                                        <li>
                                            <a href="https://www.foobaa.de/genusszubehoer-genussaccessoires/wasserkr%C3%BCge">Wasserkrüge</a>
                                        </li>
                                    </ul>
                                </div>
                                <div class="medium-3 cell"><span>nach Preis</span>
                                    <ul class="vertical menu">
                                        <li>
                                            <a href="https://www.foobaa.de/spirituosen?ft=%7B%22facet_preis%22%253A%22bis%2B5%252C00%2B%E2%82%AC%22%7D">bis
                                                5,00 €</a></li>
                                        <li>
                                            <a href="https://www.foobaa.de/spirituosen?ft=%7B%22facet_preis%22%253A%22von%2B5%252C00%2B%E2%82%AC%2Bbis%2B10%252C00%2B%E2%82%AC%22%7D">von
                                                5,00 € bis 10,00 €</a></li>
                                        <li>
                                            <a href="https://www.foobaa.de/spirituosen?ft=%7B%22facet_preis%22%253A%22von%2B10%252C00%2B%E2%82%AC%2Bbis%2B25%252C00%2B%E2%82%AC%22%7D">von
                                                10,00 € bis 25,00 €</a></li>
                                        <li>
                                            <a href="https://www.foobaa.de/spirituosen?ft=%7B%22facet_preis%22%253A%22von%2B25%252C00%2B%E2%82%AC%2Bbis%2B50%252C00%2B%E2%82%AC%22%7D">von
                                                25,00 € bis 50,00 €</a></li>
                                        <li>
                                            <a href="https://www.foobaa.de/spirituosen?ft=%7B%22facet_preis%22%253A%22von%2B50%252C00%2B%E2%82%AC%2Bbis%2B100%252C00%2B%E2%82%AC%22%7D">von
                                                50,00 € bis 100,00 €</a></li>
                                        <li>
                                            <a href="https://www.foobaa.de/spirituosen?ft=%7B%22facet_preis%22%253A%22ab%2B100%252C00%2B%E2%82%AC%22%7D">ab
                                                100,00 €</a></li>
                                    </ul>
                                    <span>Gutscheine</span>
                                    <ul class="vertical menu">
                                        <li><a href="https://www.foobaa.de/foobaa.de-gutschein"><img alt="Gutscheine"
                                                                                                     src="foobaa.de_all_sorts_p1_files/gutschein_s.gif"></a>
                                        </li>
                                    </ul>
                                </div>
                            </div>
                        </div>
                        <div id="nav-zigarren" class="dropdown-pane bottom grid-container" data-dropdown="data-dropdown"
                             data-options="closeOnClick:true; hover: true; hoverPane: true;" aria-hidden="true"
                             data-yeti-box="nav-zigarren" data-resize="nav-zigarren" aria-labelledby="m3ntrw-dd-anchor"
                             data-t="kvmrqz-t" data-events="resize">
                            <div class="grid-x">
                                <div class="medium-3 cell"><span>nach Kategorien</span>
                                    <ul class="vertical menu">
                                        <li><a href="https://www.foobaa.de/zigarren-zigarillos">alle Zigarren &amp;
                                            Zigarillos</a></li>
                                        <li><a href="https://www.foobaa.de/zigarren-zigarillos/zigarren">Zigarren</a>
                                        </li>
                                        <li>
                                            <a href="https://www.foobaa.de/zigarren-zigarillos/zigarillos">Zigarillos</a>
                                        </li>
                                    </ul>
                                </div>
                                <div class="medium-3 cell"><span>besondere Länder</span>
                                    <ul class="vertical menu">
                                        <li>
                                            <a href="https://www.foobaa.de/zigarren-zigarillos?ft=%7B%22facet_marke_land%22%253A%22Dominikanische%2BRepublik%22%7D">Dominikanische
                                                Republik</a></li>
                                        <li>
                                            <a href="https://www.foobaa.de/zigarren-zigarillos?ft=%7B%22facet_marke_land%22%253A%22Kuba%22%7D">Kuba</a>
                                        </li>
                                        <li>
                                            <a href="https://www.foobaa.de/zigarren-zigarillos?ft=%7B%22facet_marke_land%22%253A%22Nicaragua%22%7D">Nicaragua</a>
                                        </li>
                                    </ul>
                                    <span>besondere Marken</span>
                                    <ul class="vertical menu">
                                        <li>
                                            <a href="https://www.foobaa.de/zigarren-zigarillos?ft=%7B%22facet_marke%22%253A%22Montecristo%22%7D">Montecristo</a>
                                        </li>
                                        <li>
                                            <a href="https://www.foobaa.de/zigarren-zigarillos?ft=%7B%22facet_marke%22%253A%22Cohiba%22%7D">Cohiba</a>
                                        </li>
                                        <li>
                                            <a href="https://www.foobaa.de/zigarren-zigarillos?ft=%7B%22facet_marke%22%253A%22Bock%2By%2BCompania%22%7D">Bock
                                                y Compania</a></li>
                                    </ul>
                                </div>
                                <div class="medium-3 cell"><span>nach Inhalt</span>
                                    <ul class="vertical menu">
                                        <li>
                                            <a href="https://www.foobaa.de/zigarren-zigarillos?ft=%7B%22facet_inhalt%22%253A%223%2BSt%C3%BCck%22%7D">3
                                                Stück</a></li>
                                        <li>
                                            <a href="https://www.foobaa.de/zigarren-zigarillos?ft=%7B%22facet_inhalt%22%253A%225%2BSt%C3%BCck%22%7D">5
                                                Stück</a></li>
                                        <li>
                                            <a href="https://www.foobaa.de/zigarren-zigarillos?ft=%7B%22facet_inhalt%22%253A%2220%2BSt%C3%BCck%22%7D">20
                                                Stück</a></li>
                                    </ul>
                                </div>
                                <div class="medium-3 cell"><span>nach Preis</span>
                                    <ul class="vertical menu">
                                        <li>
                                            <a href="https://www.foobaa.de/zigarren-zigarillos?ft=%7B%22facet_preis%22%253A%22bis%2B5%252C00%2B%E2%82%AC%22%7D">bis
                                                5,00 €</a></li>
                                        <li>
                                            <a href="https://www.foobaa.de/zigarren-zigarillos?ft=%7B%22facet_preis%22%253A%22von%2B5%252C00%2B%E2%82%AC%2Bbis%2B10%252C00%2B%E2%82%AC%22%7D">von
                                                5,00 € bis 10,00 €</a></li>
                                        <li>
                                            <a href="https://www.foobaa.de/zigarren-zigarillos?ft=%7B%22facet_preis%22%253A%22von%2B10%252C00%2B%E2%82%AC%2Bbis%2B25%252C00%2B%E2%82%AC%22%7D">von
                                                10,00 € bis 25,00 €</a></li>
                                        <li>
                                            <a href="https://www.foobaa.de/zigarren-zigarillos?ft=%7B%22facet_preis%22%253A%22von%2B25%252C00%2B%E2%82%AC%2Bbis%2B50%252C00%2B%E2%82%AC%22%7D">von
                                                25,00 € bis 50,00 €</a></li>
                                        <li>
                                            <a href="https://www.foobaa.de/zigarren-zigarillos?ft=%7B%22facet_preis%22%253A%22von%2B50%252C00%2B%E2%82%AC%2Bbis%2B100%252C00%2B%E2%82%AC%22%7D">von
                                                50,00 € bis 100,00 €</a></li>
                                        <li>
                                            <a href="https://www.foobaa.de/zigarren-zigarillos?ft=%7B%22facet_preis%22%253A%22ab%2B100%252C00%2B%E2%82%AC%22%7D">ab
                                                100,00 €</a></li>
                                    </ul>
                                    <span>Gutschein</span>
                                    <ul class="vertical menu">
                                        <li><a href="https://www.foobaa.de/foobaa.de-gutschein"><img alt="Gutscheine"
                                                                                                     src="foobaa.de_all_sorts_p1_files/gutschein_s.gif"></a>
                                        </li>
                                    </ul>
                                </div>
                            </div>
                        </div>
                        <div id="nav-weine" class="dropdown-pane bottom grid-container" data-dropdown="data-dropdown"
                             data-options="closeOnClick:true; hover: true; hoverPane: true;" aria-hidden="true"
                             data-yeti-box="nav-weine" data-resize="nav-weine" aria-labelledby="mv8zau-dd-anchor"
                             data-t="7bjoty-t" data-events="resize">
                            <div class="grid-x">
                                <div class="medium-3 cell"><span>nach Kategorien</span>
                                    <ul class="vertical menu">
                                        <li><a href="https://www.foobaa.de/wein">alle Weine</a></li>
                                        <li><a href="https://www.foobaa.de/wein/champagner">Champagner</a></li>
                                        <li><a href="https://www.foobaa.de/wein/portwein">Portwein</a></li>
                                        <li><a href="https://www.foobaa.de/wein/prosecco">Prosecco</a></li>
                                        <li><a href="https://www.foobaa.de/wein/ros%C3%A9wein">Roséwein</a></li>
                                        <li><a href="https://www.foobaa.de/wein/rotwein">Rotwein</a></li>
                                        <li><a href="https://www.foobaa.de/wein/sekt">Sekt</a></li>
                                        <li><a href="https://www.foobaa.de/wein/sherry">Sherry</a></li>
                                        <li><a href="https://www.foobaa.de/wein/wei%C3%9Fwein">Weißwein</a></li>
                                    </ul>
                                </div>
                                <div class="medium-3 cell"><span>besondere Länder</span>
                                    <ul class="vertical menu">
                                        <li>
                                            <a href="https://www.foobaa.de/wein?ft=%7B%22facet_marke_land%22%253A%22Deutschland%22%7D">Deutschland</a>
                                        </li>
                                        <li>
                                            <a href="https://www.foobaa.de/wein?ft=%7B%22facet_marke_land%22%253A%22Portugal%22%7D">Portugal</a>
                                        </li>
                                        <li>
                                            <a href="https://www.foobaa.de/wein?ft=%7B%22facet_marke_land%22%253A%22Argentinien%22%7D">Argentinien</a>
                                        </li>
                                        <li>
                                            <a href="https://www.foobaa.de/wein?ft=%7B%22facet_marke_land%22%253A%22Spanien%22%7D">Spanien</a>
                                        </li>
                                        <li>
                                            <a href="https://www.foobaa.de/wein?ft=%7B%22facet_marke_land%22%253A%22Frankreich%22%7D">Frankreich</a>
                                        </li>
                                    </ul>
                                    <span>besondere Regionen</span>
                                    <ul class="vertical menu">
                                        <li>
                                            <a href="https://www.foobaa.de/wein?ft=%7B%22facet_marke_region%22%253A%22Baden-W%C3%BCrttemberg%22%7D">Baden-Württemberg</a>
                                        </li>
                                        <li>
                                            <a href="https://www.foobaa.de/wein?ft=%7B%22facet_marke_region%22%253A%22Patagonia%22%7D">Patagonien</a>
                                        </li>
                                    </ul>
                                </div>
                                <div class="medium-3 cell"><span>nach Jahrgang</span>
                                    <ul class="vertical menu">
                                        <li>
                                            <a href="https://www.foobaa.de/wein?ft=%7B%22facet_jahrgang%22%253A%222011%22%7D">2011</a>
                                        </li>
                                        <li>
                                            <a href="https://www.foobaa.de/wein?ft=%7B%22facet_jahrgang%22%253A%222010%22%7D">2010</a>
                                        </li>
                                        <li>
                                            <a href="https://www.foobaa.de/wein?ft=%7B%22facet_jahrgang%22%253A%222009%22%7D">2009</a>
                                        </li>
                                        <li>
                                            <a href="https://www.foobaa.de/wein?ft=%7B%22facet_jahrgang%22%253A%222008%22%7D">2008</a>
                                        </li>
                                    </ul>
                                </div>
                                <div class="medium-3 cell"><span>nach Preis</span>
                                    <ul class="vertical menu">
                                        <li>
                                            <a href="https://www.foobaa.de/wein?ft=%7B%22facet_preis%22%253A%22bis%2B5%252C00%2B%E2%82%AC%22%7D">bis
                                                5,00 €</a></li>
                                        <li>
                                            <a href="https://www.foobaa.de/wein?ft=%7B%22facet_preis%22%253A%22von%2B5%252C00%2B%E2%82%AC%2Bbis%2B10%252C00%2B%E2%82%AC%22%7D">von
                                                5,00 € bis 10,00 €</a></li>
                                        <li>
                                            <a href="https://www.foobaa.de/wein?ft=%7B%22facet_preis%22%253A%22von%2B10%252C00%2B%E2%82%AC%2Bbis%2B25%252C00%2B%E2%82%AC%22%7D">von
                                                10,00 € bis 25,00 €</a></li>
                                        <li>
                                            <a href="https://www.foobaa.de/wein?ft=%7B%22facet_preis%22%253A%22von%2B25%252C00%2B%E2%82%AC%2Bbis%2B50%252C00%2B%E2%82%AC%22%7D">von
                                                25,00 € bis 50,00 €</a></li>
                                        <li>
                                            <a href="https://www.foobaa.de/wein?ft=%7B%22facet_preis%22%253A%22von%2B50%252C00%2B%E2%82%AC%2Bbis%2B100%252C00%2B%E2%82%AC%22%7D">von
                                                50,00 € bis 100,00 €</a></li>
                                    </ul>
                                    <span>Gutscheine</span>
                                    <ul class="vertical menu">
                                        <li><a href="https://www.foobaa.de/foobaa.de-gutschein"><img alt="Gutscheine"
                                                                                                     src="foobaa.de_all_sorts_p1_files/gutschein_s.gif"></a>
                                        </li>
                                    </ul>
                                </div>
                            </div>
                        </div>
                        <div id="nav-feinkost" class="dropdown-pane bottom grid-container" data-dropdown="data-dropdown"
                             data-options="closeOnClick:true; hover: true; hoverPane: true;" aria-hidden="true"
                             data-yeti-box="nav-feinkost" data-resize="nav-feinkost" aria-labelledby="zvprg2-dd-anchor"
                             data-t="te5f1d-t" data-events="resize">
                            <div class="grid-x">
                                <div class="medium-3 cell"><span>Feinkost</span>
                                    <ul class="vertical menu">
                                        <li><a href="https://www.foobaa.de/feinkost-delikatessen">gesamte Feinkost</a>
                                        </li>
                                        <li><a href="https://www.foobaa.de/feinkost-delikatessen/essig--%C3%B6l">Essig/
                                            Öl</a></li>
                                        <li>
                                            <a href="https://www.foobaa.de/feinkost-delikatessen/fruchtsaft">Fruchtsaft</a>
                                        </li>
                                        <li><a href="https://www.foobaa.de/feinkost-delikatessen/honig">Honig</a></li>
                                        <li>
                                            <a href="https://www.foobaa.de/feinkost-delikatessen/konfit%C3%BCre--marmelade">Konfitüre/
                                                Marmelade</a></li>
                                        <li>
                                            <a href="https://www.foobaa.de/feinkost-delikatessen/leckereien">Leckereien</a>
                                        </li>
                                        <li><a href="https://www.foobaa.de/feinkost-delikatessen/pasta-und-co.">Pasta
                                            und co.</a></li>
                                        <li>
                                            <a href="https://www.foobaa.de/feinkost-delikatessen/schokolade">Schokolade</a>
                                        </li>
                                        <li><a href="https://www.foobaa.de/feinkost-delikatessen/senf">Senf</a></li>
                                        <li><a href="https://www.foobaa.de/feinkost-delikatessen/shortbread--biscuit">Shortbread</a>
                                        </li>
                                        <li><a href="https://www.foobaa.de/feinkost-delikatessen/tee">Tee</a></li>
                                    </ul>
                                </div>
                                <div class="medium-3 cell"><span>besondere Länder</span>
                                    <ul class="vertical menu">
                                        <li>
                                            <a href="https://www.foobaa.de/feinkost-delikatessen?ft=%7B%22facet_marke_land%22%253A%22Italien%22%7D">Italien</a>
                                        </li>
                                        <li>
                                            <a href="https://www.foobaa.de/feinkost-delikatessen?ft=%7B%22facet_marke_land%22%253A%22UK%2B%28England%29%22%7D">UK
                                                (England)</a></li>
                                        <li>
                                            <a href="https://www.foobaa.de/feinkost-delikatessen?ft=%7B%22facet_marke_land%22%253A%22Deutschland%22%7D">Deutschland</a>
                                        </li>
                                    </ul>
                                </div>
                                <div class="medium-3 cell"><span>besondere Marken</span>
                                    <ul class="vertical menu">
                                        <li>
                                            <a href="https://www.foobaa.de/feinkost-delikatessen?ft=%7B%22facet_marke%22%253A%22Alpe%2BPragas%22%7D">Alpe
                                                Pragas</a></li>
                                        <li>
                                            <a href="https://www.foobaa.de/feinkost-delikatessen?ft=%7B%22facet_marke%22%253A%22Hampstead%2BTea%22%7D">Hampstead
                                                Tea</a></li>
                                        <li>
                                            <a href="https://www.foobaa.de/feinkost-delikatessen?ft=%7B%22facet_marke%22%253A%22Drei%2BMeister%22%7D">Drei
                                                Meister</a></li>
                                    </ul>
                                </div>
                                <div class="medium-3 cell"><span>nach Preisen</span>
                                    <ul class="vertical menu">
                                        <li>
                                            <a href="https://www.foobaa.de/feinkost-delikatessen?ft=%7B%22facet_preis%22%253A%22bis%2B5%252C00%2B%E2%82%AC%22%7D">ab
                                                5,00 €</a></li>
                                        <li>
                                            <a href="https://www.foobaa.de/feinkost-delikatessen?ft=%7B%22facet_preis%22%253A%22von%2B5%252C00%2B%E2%82%AC%2Bbis%2B10%252C00%2B%E2%82%AC%22%7D">von
                                                5,00 € bis 10,00 €</a></li>
                                        <li>
                                            <a href="https://www.foobaa.de/feinkost-delikatessen?ft=%7B%22facet_preis%22%253A%22von%2B10%252C00%2B%E2%82%AC%2Bbis%2B25%252C00%2B%E2%82%AC%22%7D">von
                                                10,00 € bis 25,00 €</a></li>
                                    </ul>
                                    <span>Gutscheine</span>
                                    <ul class="vertical menu">
                                        <li><a href="https://www.foobaa.de/foobaa.de-gutschein"><img alt="Gutscheine"
                                                                                                     src="foobaa.de_all_sorts_p1_files/gutschein_s.gif"></a>
                                        </li>
                                    </ul>
                                </div>
                            </div>
                        </div>
                        <div id="nav-zubehoer" class="dropdown-pane bottom grid-container" data-dropdown="data-dropdown"
                             data-options="closeOnClick:true; hover: true; hoverPane: true;" aria-hidden="true"
                             data-yeti-box="nav-zubehoer" data-resize="nav-zubehoer" aria-labelledby="9kya6g-dd-anchor"
                             data-t="zqkhz7-t" data-events="resize">
                            <div class="grid-x">
                                <div class="medium-3 cell"><span>nach Kategorien</span>
                                    <ul class="vertical menu">
                                        <li><a href="https://www.foobaa.de/genusszubehoer-genussaccessoires">gesamte
                                            Genusszubehörauswahl</a></li>
                                        <li>
                                            <a href="https://www.foobaa.de/genusszubehoer-genussaccessoires/b%C3%BCcher">Bücher</a>
                                        </li>
                                        <li>
                                            <a href="https://www.foobaa.de/genusszubehoer-genussaccessoires/gl%C3%A4ser">Gläser</a>
                                        </li>
                                        <li><a href="https://www.foobaa.de/genusszubehoer-genussaccessoires/kalender">Kalender</a>
                                        </li>
                                        <li><a href="https://www.foobaa.de/genusszubehoer-genussaccessoires/poster">Poster</a>
                                        </li>
                                        <li><a href="https://www.foobaa.de/genusszubehoer-genussaccessoires/postkarten">Postkarten</a>
                                        </li>
                                        <li>
                                            <a href="https://www.foobaa.de/genusszubehoer-genussaccessoires/raucherzubeh%C3%B6r">Raucherzubehör</a>
                                        </li>
                                        <li><a href="https://www.foobaa.de/genusszubehoer-genussaccessoires/sonstiges">Sonstiges</a>
                                        </li>
                                        <li>
                                            <a href="https://www.foobaa.de/genusszubehoer-genussaccessoires/wasserkr%C3%BCge">Wasserkrüge</a>
                                        </li>
                                    </ul>
                                </div>
                                <div class="medium-3 cell"><span>besondere Länder</span>
                                    <ul class="vertical menu">
                                        <li>
                                            <a href="https://www.foobaa.de/genusszubehoer-genussaccessoires?ft=%7B%22facet_marke_land%22%253A%22Deutschland%22%7D">Deutschland</a>
                                        </li>
                                        <li>
                                            <a href="https://www.foobaa.de/genusszubehoer-genussaccessoires?ft=%7B%22facet_marke_land%22%253A%22UK%2B%28England%29%22%7D">UK
                                                (England)</a></li>
                                        <li>
                                            <a href="https://www.foobaa.de/genusszubehoer-genussaccessoires?ft=%7B%22facet_marke_land%22%253A%22UK%2B%28Schottland%29%22%7D">UK
                                                (Schottland)</a></li>
                                    </ul>
                                </div>
                                <div class="medium-3 cell"><span>nach Preisen</span>
                                    <ul class="vertical menu">
                                        <li>
                                            <a href="https://www.foobaa.de/genusszubehoer-genussaccessoires?ft=%7B%22facet_preis%22%253A%22bis%2B5%252C00%2B%E2%82%AC%22%7D">bis
                                                5,00 €</a></li>
                                        <li>
                                            <a href="https://www.foobaa.de/genusszubehoer-genussaccessoires?ft=%7B%22facet_preis%22%253A%22von%2B5%252C00%2B%E2%82%AC%2Bbis%2B10%252C00%2B%E2%82%AC%22%7D">von
                                                5,00 € bis 10,00 €</a></li>
                                        <li>
                                            <a href="https://www.foobaa.de/genusszubehoer-genussaccessoires?ft=%7B%22facet_preis%22%253A%22von%2B10%252C00%2B%E2%82%AC%2Bbis%2B25%252C00%2B%E2%82%AC%22%7D">von
                                                10,00 € bis 25,00 €</a></li>
                                        <li>
                                            <a href="https://www.foobaa.de/genusszubehoer-genussaccessoires?ft=%7B%22facet_preis%22%253A%22von%2B25%252C00%2B%E2%82%AC%2Bbis%2B50%252C00%2B%E2%82%AC%22%7D">von
                                                25,00 € bis 50,00 €</a></li>
                                    </ul>
                                </div>
                                <div class="medium-3 cell"><span>Gutscheine</span>
                                    <ul class="vertical menu">
                                        <li><a href="https://www.foobaa.de/foobaa.de-gutschein"><img alt="Gutscheine"
                                                                                                     src="foobaa.de_all_sorts_p1_files/gutschein_s.gif"></a>
                                        </li>
                                    </ul>
                                </div>
                            </div>
                        </div>
                    </div>
                </div>
            </div>
            <div class="topnavbarmobile show-for-small-only">
                <div class="grid-x">
                    <div class="small-3">
                        <div class="title-bar">
                            <div class="title-bar-left">
                                <button data-toggle="off-mainnav" type="button" class="hamburger" aria-expanded="false"
                                        aria-controls="off-mainnav"><span>Menü</span></button>
                            </div>
                        </div>
                        <div data-content-scroll="false" id="off-mainnav"
                             class="off-canvas position-left is-transition-overlap is-closed" data-off-canvas=""
                             aria-hidden="true" data-t="aiqcim-t">
                            <div class="h3">Menü
                                <button class="close-button" data-close=""><span aria-hidden="true">×</span></button>
                            </div>
                            <div class="is-drilldown" style="min-height: 0px; max-width: 0px;">
                                <div data-drilldown="data-drilldown" id="nav-mobile-menu" role="tree" class="drilldown"
                                     aria-multiselectable="false" data-mutate="data-drilldown" data-t="4v78hv-t">
                                    <ul class="vertical menu drilldown">
                                        <li role="treeitem" class="is-drilldown-submenu-parent" aria-haspopup="true"
                                            aria-label="Whisky" aria-expanded="false"><a tabindex="0">Whisky</a>
                                            <ul class="vertical menu nested submenu is-drilldown-submenu invisible drilldown-submenu-cover-previous"
                                                data-submenu="" role="group" aria-hidden="true">
                                                <li class="js-drilldown-back"><a tabindex="0">Back</a></li>
                                                <li role="treeitem" class="is-submenu-item is-drilldown-submenu-item"><a
                                                        href="https://www.foobaa.de/whisky-whiskey-home">zur
                                                    Kategorieseite</a></li>
                                                <li role="treeitem"
                                                    class="is-drilldown-submenu-parent is-submenu-item is-drilldown-submenu-item"
                                                    aria-haspopup="true" aria-label="nach Kategorien"
                                                    aria-expanded="false"><a tabindex="0">nach Kategorien</a>
                                                    <ul class="vertical menu nested submenu is-drilldown-submenu invisible drilldown-submenu-cover-previous"
                                                        data-submenu="" role="group" aria-hidden="true">
                                                        <li class="js-drilldown-back"><a tabindex="0">Back</a></li>
                                                        <li role="treeitem"
                                                            class="is-submenu-item is-drilldown-submenu-item"><a
                                                                href="https://www.foobaa.de/alle-whiskies">alle
                                                            Whiskies</a></li>
                                                        <li role="treeitem"
                                                            class="is-submenu-item is-drilldown-submenu-item"><a
                                                                href="https://www.foobaa.de/blended-malt">Blended
                                                            Malt</a></li>
                                                        <li role="treeitem"
                                                            class="is-submenu-item is-drilldown-submenu-item"><a
                                                                href="https://www.foobaa.de/blended-whiskies">Blended
                                                            Whisky</a></li>
                                                        <li role="treeitem"
                                                            class="is-submenu-item is-drilldown-submenu-item"><a
                                                                href="https://www.foobaa.de/bourbon">Bourbon</a></li>
                                                        <li role="treeitem"
                                                            class="is-submenu-item is-drilldown-submenu-item"><a
                                                                href="https://www.foobaa.de/grain-korn-rye">Grain/ Korn/
                                                            Rye</a></li>
                                                        <li role="treeitem"
                                                            class="is-submenu-item is-drilldown-submenu-item"><a
                                                                href="https://www.foobaa.de/single-malt">Single Malt</a>
                                                        </li>
                                                    </ul>
                                                </li>
                                                <li role="treeitem"
                                                    class="is-drilldown-submenu-parent is-submenu-item is-drilldown-submenu-item"
                                                    aria-haspopup="true" aria-label="nach Themen" aria-expanded="false">
                                                    <a tabindex="0">nach Themen</a>
                                                    <ul class="vertical menu nested submenu is-drilldown-submenu invisible drilldown-submenu-cover-previous"
                                                        data-submenu="" role="group" aria-hidden="true">
                                                        <li class="js-drilldown-back"><a tabindex="0">Back</a></li>
                                                        <li role="treeitem"
                                                            class="is-submenu-item is-drilldown-submenu-item"><a
                                                                href="https://www.foobaa.de/whisky-adventskalender">Whisky-Adventskalender</a>
                                                        </li>
                                                        <li role="treeitem"
                                                            class="is-submenu-item is-drilldown-submenu-item"><a
                                                                href="https://www.foobaa.de/whisky-geschenkideen">Whisky-Geschenkideen</a>
                                                        </li>
                                                        <li role="treeitem"
                                                            class="is-submenu-item is-drilldown-submenu-item"><a
                                                                href="https://www.foobaa.de/whisky-glaeser">Whiskygläser</a>
                                                        </li>
                                                        <li role="treeitem"
                                                            class="is-submenu-item is-drilldown-submenu-item"><a
                                                                href="https://www.foobaa.de/whisky-likoere">Whiskyliköre</a>
                                                        </li>
                                                    </ul>
                                                </li>
                                                <li role="treeitem"
                                                    class="is-drilldown-submenu-parent is-submenu-item is-drilldown-submenu-item"
                                                    aria-haspopup="true" aria-label="nach Länder" aria-expanded="false">
                                                    <a tabindex="0">nach Länder</a>
                                                    <ul class="vertical menu nested submenu is-drilldown-submenu invisible drilldown-submenu-cover-previous"
                                                        data-submenu="" role="group" aria-hidden="true">
                                                        <li class="js-drilldown-back"><a tabindex="0">Back</a></li>
                                                        <li role="treeitem"
                                                            class="is-submenu-item is-drilldown-submenu-item"><a
                                                                href="https://www.foobaa.de/schottischer-whisky">Schottland</a>
                                                        </li>
                                                        <li role="treeitem"
                                                            class="is-submenu-item is-drilldown-submenu-item"><a
                                                                href="https://www.foobaa.de/irischer-whiskey">Irland</a>
                                                        </li>
                                                        <li role="treeitem"
                                                            class="is-submenu-item is-drilldown-submenu-item"><a
                                                                href="https://www.foobaa.de/amerikanischer-whiskey">USA</a>
                                                        </li>
                                                        <li role="treeitem"
                                                            class="is-submenu-item is-drilldown-submenu-item"><a
                                                                href="https://www.foobaa.de/japanischer-whisky">Japan</a>
                                                        </li>
                                                    </ul>
                                                </li>
                                                <li role="treeitem"
                                                    class="is-drilldown-submenu-parent is-submenu-item is-drilldown-submenu-item"
                                                    aria-haspopup="true" aria-label="nach Region" aria-expanded="false">
                                                    <a tabindex="0">nach Region</a>
                                                    <ul class="vertical menu nested submenu is-drilldown-submenu invisible drilldown-submenu-cover-previous"
                                                        data-submenu="" role="group" aria-hidden="true">
                                                        <li class="js-drilldown-back"><a tabindex="0">Back</a></li>
                                                        <li role="treeitem"
                                                            class="is-submenu-item is-drilldown-submenu-item"><a
                                                                href="https://www.foobaa.de/alle-whiskies?ft=%7B%22facet_marke_region%22%253A%22Schottland%2B%28Speyside%29%22%7D">Speyside</a>
                                                        </li>
                                                        <li role="treeitem"
                                                            class="is-submenu-item is-drilldown-submenu-item"><a
                                                                href="https://www.foobaa.de/alle-whiskies?ft=%7B%22facet_marke_region%22%253A%22Schottland%2B%28Northern%2BHighlands%29%22%7D">Northern
                                                            Highlands</a></li>
                                                        <li role="treeitem"
                                                            class="is-submenu-item is-drilldown-submenu-item"><a
                                                                href="https://www.foobaa.de/alle-whiskies?ft=%7B%22facet_marke_region%22%253A%22Schottland%2B%28Western%2BHighlands%29%22%7D">Western
                                                            Highlands</a></li>
                                                        <li role="treeitem"
                                                            class="is-submenu-item is-drilldown-submenu-item"><a
                                                                href="https://www.foobaa.de/alle-whiskies?ft=%7B%22facet_marke_region%22%253A%22Schottland%2B%28Eastern%2BHighlands%29%22%7D">Eastern
                                                            Highlands</a></li>
                                                        <li role="treeitem"
                                                            class="is-submenu-item is-drilldown-submenu-item"><a
                                                                href="https://www.foobaa.de/alle-whiskies?ft=%7B%22facet_marke_region%22%253A%22Schottland%2B%28Lowlands%29%22%7D">Lowlands</a>
                                                        </li>
                                                        <li role="treeitem"
                                                            class="is-submenu-item is-drilldown-submenu-item"><a
                                                                href="https://www.foobaa.de/alle-whiskies?ft=%7B%22facet_marke_region%22%253A%22Schottland%2B%28Skye%29%22%7D">Skye</a>
                                                        </li>
                                                        <li role="treeitem"
                                                            class="is-submenu-item is-drilldown-submenu-item"><a
                                                                href="https://www.foobaa.de/alle-whiskies?ft=%7B%22facet_marke_region%22%253A%22Schottland%2B%28Islay%29%22%7D">Islay</a>
                                                        </li>
                                                    </ul>
                                                </li>
                                                <li role="treeitem"
                                                    class="is-drilldown-submenu-parent is-submenu-item is-drilldown-submenu-item"
                                                    aria-haspopup="true" aria-label="nach Inhalt" aria-expanded="false">
                                                    <a tabindex="0">nach Inhalt</a>
                                                    <ul class="vertical menu nested submenu is-drilldown-submenu invisible drilldown-submenu-cover-previous"
                                                        data-submenu="" role="group" aria-hidden="true">
                                                        <li class="js-drilldown-back"><a tabindex="0">Back</a></li>
                                                        <li role="treeitem"
                                                            class="is-submenu-item is-drilldown-submenu-item"><a
                                                                href="https://www.foobaa.de/alle-whiskies?ft=%7B%22facet_inhalt%22%253A%220%252C70%2BLiter%22%7D">0,7
                                                            Liter</a></li>
                                                        <li role="treeitem"
                                                            class="is-submenu-item is-drilldown-submenu-item"><a
                                                                href="https://www.foobaa.de/alle-whiskies?ft=%7B%22facet_inhalt%22%253A%221%2BLiter%22%7D">1,0
                                                            Liter</a></li>
                                                        <li role="treeitem"
                                                            class="is-submenu-item is-drilldown-submenu-item"><a
                                                                href="https://www.foobaa.de/alle-whiskies?ft=%7B%22facet_inhalt%22:%220,050+Liter%22%7D">0,05
                                                            Liter (Miniaturen)</a></li>
                                                    </ul>
                                                </li>
                                                <li role="treeitem"
                                                    class="is-drilldown-submenu-parent is-submenu-item is-drilldown-submenu-item"
                                                    aria-haspopup="true" aria-label="nach Preis" aria-expanded="false">
                                                    <a tabindex="0">nach Preis</a>
                                                    <ul class="vertical menu nested submenu is-drilldown-submenu invisible drilldown-submenu-cover-previous"
                                                        data-submenu="" role="group" aria-hidden="true">
                                                        <li class="js-drilldown-back"><a tabindex="0">Back</a></li>
                                                        <li role="treeitem"
                                                            class="is-submenu-item is-drilldown-submenu-item"><a
                                                                href="https://www.foobaa.de/alle-whiskies?ft=%7B%22facet_preis%22%253A%22bis%2B5%252C00%2B%E2%82%AC%22%7D">bis
                                                            5,00 €</a></li>
                                                        <li role="treeitem"
                                                            class="is-submenu-item is-drilldown-submenu-item"><a
                                                                href="https://www.foobaa.de/alle-whiskies?ft=%7B%22facet_preis%22%253A%22von%2B5%252C00%2B%E2%82%AC%2Bbis%2B10%252C00%2B%E2%82%AC%22%7D">von
                                                            5,00 € bis 10,00 €</a></li>
                                                        <li role="treeitem"
                                                            class="is-submenu-item is-drilldown-submenu-item"><a
                                                                href="https://www.foobaa.de/alle-whiskies?ft=%7B%22facet_preis%22%253A%22von%2B10%252C00%2B%E2%82%AC%2Bbis%2B25%252C00%2B%E2%82%AC%22%7D">von
                                                            10,00 € bis 25,00 €</a></li>
                                                        <li role="treeitem"
                                                            class="is-submenu-item is-drilldown-submenu-item"><a
                                                                href="https://www.foobaa.de/alle-whiskies?ft=%7B%22facet_preis%22%253A%22von%2B25%252C00%2B%E2%82%AC%2Bbis%2B50%252C00%2B%E2%82%AC%22%7D">von
                                                            25,00 € bis 50,00 €</a></li>
                                                        <li role="treeitem"
                                                            class="is-submenu-item is-drilldown-submenu-item"><a
                                                                href="https://www.foobaa.de/alle-whiskies?ft=%7B%22facet_preis%22%253A%22von%2B25%252C00%2B%E2%82%AC%2Bbis%2B50%252C00%2B%E2%82%AC%22%7D">von
                                                            25,00 € bis 50,00 €</a></li>
                                                        <li role="treeitem"
                                                            class="is-submenu-item is-drilldown-submenu-item"><a
                                                                href="https://www.foobaa.de/alle-whiskies?ft=%7B%22facet_preis%22%253A%22von%2B50%252C00%2B%E2%82%AC%2Bbis%2B100%252C00%2B%E2%82%AC%22%7D">von
                                                            50,00 € bis 100,00 €</a></li>
                                                        <li role="treeitem"
                                                            class="is-submenu-item is-drilldown-submenu-item"><a
                                                                href="https://www.foobaa.de/alle-whiskies?ft=%7B%22facet_preis%22%253A%22ab%2B100%252C00%2B%E2%82%AC%22%7D">ab
                                                            100,00 €</a></li>
                                                    </ul>
                                                </li>
                                                <li role="treeitem"
                                                    class="is-drilldown-submenu-parent is-submenu-item is-drilldown-submenu-item"
                                                    aria-haspopup="true" aria-label="Passendes" aria-expanded="false"><a
                                                        tabindex="0">Passendes</a>
                                                    <ul class="vertical menu nested submenu is-drilldown-submenu invisible drilldown-submenu-cover-previous"
                                                        data-submenu="" role="group" aria-hidden="true">
                                                        <li class="js-drilldown-back"><a tabindex="0">Back</a></li>
                                                        <li role="treeitem"
                                                            class="is-submenu-item is-drilldown-submenu-item"><a
                                                                href="https://www.foobaa.de/feinkost-delikatessen/shortbread--biscuit">Shortbread</a>
                                                        </li>
                                                        <li role="treeitem"
                                                            class="is-submenu-item is-drilldown-submenu-item"><a
                                                                href="https://www.foobaa.de/whisky-likoere">(Whisky-)
                                                            Liköre</a></li>
                                                    </ul>
                                                </li>
                                                <li role="treeitem"
                                                    class="is-drilldown-submenu-parent is-submenu-item is-drilldown-submenu-item"
                                                    aria-haspopup="true" aria-label="Whisky - Zubehör"
                                                    aria-expanded="false"><a tabindex="0">Whisky - Zubehör</a>
                                                    <ul class="vertical menu nested submenu is-drilldown-submenu invisible drilldown-submenu-cover-previous"
                                                        data-submenu="" role="group" aria-hidden="true">
                                                        <li class="js-drilldown-back"><a tabindex="0">Back</a></li>
                                                        <li role="treeitem"
                                                            class="is-submenu-item is-drilldown-submenu-item"><a
                                                                href="https://www.foobaa.de/genusszubehoer-genussaccessoires/b%C3%BCcher">Bücher</a>
                                                        </li>
                                                        <li role="treeitem"
                                                            class="is-submenu-item is-drilldown-submenu-item"><a
                                                                href="https://www.foobaa.de/whisky-glaeser">Gläser</a>
                                                        </li>
                                                        <li role="treeitem"
                                                            class="is-submenu-item is-drilldown-submenu-item"><a
                                                                href="https://www.foobaa.de/genusszubehoer-genussaccessoires/wasserkr%C3%BCge">Wasserkrüge</a>
                                                        </li>
                                                    </ul>
                                                </li>
                                            </ul>
                                        </li>
                                        <li role="treeitem" class="is-drilldown-submenu-parent" aria-haspopup="true"
                                            aria-label="Spirituosen" aria-expanded="false"><a
                                                tabindex="0">Spirituosen</a>
                                            <ul class="vertical menu nested submenu is-drilldown-submenu invisible drilldown-submenu-cover-previous"
                                                data-submenu="" role="group" aria-hidden="true">
                                                <li class="js-drilldown-back"><a tabindex="0">Back</a></li>
                                                <li role="treeitem" class="is-submenu-item is-drilldown-submenu-item"><a
                                                        href="https://www.foobaa.de/spirituosen-home">zur
                                                    Kategorieseite</a></li>
                                                <li role="treeitem"
                                                    class="is-drilldown-submenu-parent is-submenu-item is-drilldown-submenu-item"
                                                    aria-haspopup="true" aria-label="nach Kategorien"
                                                    aria-expanded="false"><a tabindex="0">nach Kategorien</a>
                                                    <ul class="vertical menu nested submenu is-drilldown-submenu invisible drilldown-submenu-cover-previous"
                                                        data-submenu="" role="group" aria-hidden="true">
                                                        <li class="js-drilldown-back"><a tabindex="0">Back</a></li>
                                                        <li role="treeitem"
                                                            class="is-submenu-item is-drilldown-submenu-item"><a
                                                                href="https://www.foobaa.de/spirituosen">alle
                                                            Sprituosen</a></li>
                                                        <li role="treeitem"
                                                            class="is-submenu-item is-drilldown-submenu-item"><a
                                                                href="https://www.foobaa.de/spirituosen/absinth--absinthe">Absinth/
                                                            Absinthe</a></li>
                                                        <li role="treeitem"
                                                            class="is-submenu-item is-drilldown-submenu-item"><a
                                                                href="https://www.foobaa.de/spirituosen/aquavit--akvavit">Aquavit/
                                                            Akvavit</a></li>
                                                        <li role="treeitem"
                                                            class="is-submenu-item is-drilldown-submenu-item"><a
                                                                href="https://www.foobaa.de/spirituosen/brandy">Brandy</a>
                                                        </li>
                                                        <li role="treeitem"
                                                            class="is-submenu-item is-drilldown-submenu-item"><a
                                                                href="https://www.foobaa.de/spirituosen/calvados">Calvados</a>
                                                        </li>
                                                        <li role="treeitem"
                                                            class="is-submenu-item is-drilldown-submenu-item"><a
                                                                href="https://www.foobaa.de/spirituosen/cognac--armagnac">Cognac/
                                                            Armagnac</a></li>
                                                        <li role="treeitem"
                                                            class="is-submenu-item is-drilldown-submenu-item"><a
                                                                href="https://www.foobaa.de/spirituosen/edle-br%C3%A4nde">Edle
                                                            Brände</a></li>
                                                        <li role="treeitem"
                                                            class="is-submenu-item is-drilldown-submenu-item"><a
                                                                href="https://www.foobaa.de/spirituosen/gin--genever">Gin/
                                                            Genever</a></li>
                                                        <li role="treeitem"
                                                            class="is-submenu-item is-drilldown-submenu-item"><a
                                                                href="https://www.foobaa.de/spirituosen/grappa">Grappa</a>
                                                        </li>
                                                        <li role="treeitem"
                                                            class="is-submenu-item is-drilldown-submenu-item"><a
                                                                href="https://www.foobaa.de/spirituosen/lik%C3%B6r">Likör</a>
                                                        </li>
                                                        <li role="treeitem"
                                                            class="is-submenu-item is-drilldown-submenu-item"><a
                                                                href="https://www.foobaa.de/spirituosen/rum">Rum</a>
                                                        </li>
                                                        <li role="treeitem"
                                                            class="is-submenu-item is-drilldown-submenu-item"><a
                                                                href="https://www.foobaa.de/spirituosen/tequila">Tequila</a>
                                                        </li>
                                                        <li role="treeitem"
                                                            class="is-submenu-item is-drilldown-submenu-item"><a
                                                                href="https://www.foobaa.de/spirituosen/weinbrand">Weinbrand</a>
                                                        </li>
                                                        <li role="treeitem"
                                                            class="is-submenu-item is-drilldown-submenu-item"><a
                                                                href="https://www.foobaa.de/spirituosen/wodka--vodka">Wodka/
                                                            Vodka</a></li>
                                                    </ul>
                                                </li>
                                                <li role="treeitem"
                                                    class="is-drilldown-submenu-parent is-submenu-item is-drilldown-submenu-item"
                                                    aria-haspopup="true" aria-label="nach Länder" aria-expanded="false">
                                                    <a tabindex="0">nach Länder</a>
                                                    <ul class="vertical menu nested submenu is-drilldown-submenu invisible drilldown-submenu-cover-previous"
                                                        data-submenu="" role="group" aria-hidden="true">
                                                        <li class="js-drilldown-back"><a tabindex="0">Back</a></li>
                                                        <li role="treeitem"
                                                            class="is-submenu-item is-drilldown-submenu-item"><a
                                                                href="https://www.foobaa.de/spirituosen?ft=%7B%22facet_marke_land%22%253A%22Frankreich%22%7D">Frankreich</a>
                                                        </li>
                                                        <li role="treeitem"
                                                            class="is-submenu-item is-drilldown-submenu-item"><a
                                                                href="https://www.foobaa.de/spirituosen?ft=%7B%22facet_marke_land%22%253A%22Mexiko%22%7D">Mexiko</a>
                                                        </li>
                                                        <li role="treeitem"
                                                            class="is-submenu-item is-drilldown-submenu-item"><a
                                                                href="https://www.foobaa.de/spirituosen?ft=%7B%22facet_marke_land%22%253A%22UK%2B%28England%29%22%7D">UK
                                                            (England)</a></li>
                                                        <li role="treeitem"
                                                            class="is-submenu-item is-drilldown-submenu-item"><a
                                                                href="https://www.foobaa.de/spirituosen?ft=%7B%22facet_marke_land%22%253A%22UK%2B%28Schottland%29%22%7D">UK
                                                            (Schottland)</a></li>
                                                        <li role="treeitem"
                                                            class="is-submenu-item is-drilldown-submenu-item"><a
                                                                href="https://www.foobaa.de/spirituosen?ft=%7B%22facet_marke_land%22%253A%22Kuba%22%7D">Kuba</a>
                                                        </li>
                                                        <li role="treeitem"
                                                            class="is-submenu-item is-drilldown-submenu-item"><a
                                                                href="https://www.foobaa.de/spirituosen?ft=%7B%22facet_marke_land%22%253A%22Italien%22%7D">Italien</a>
                                                        </li>
                                                    </ul>
                                                </li>
                                                <li role="treeitem"
                                                    class="is-drilldown-submenu-parent is-submenu-item is-drilldown-submenu-item"
                                                    aria-haspopup="true" aria-label="nach Inhalt" aria-expanded="false">
                                                    <a tabindex="0">nach Inhalt</a>
                                                    <ul class="vertical menu nested submenu is-drilldown-submenu invisible drilldown-submenu-cover-previous"
                                                        data-submenu="" role="group" aria-hidden="true">
                                                        <li class="js-drilldown-back"><a tabindex="0">Back</a></li>
                                                        <li role="treeitem"
                                                            class="is-submenu-item is-drilldown-submenu-item"><a
                                                                href="https://www.foobaa.de/spirituosen?ft=%7B%22facet_inhalt%22%253A%220%252C050%2BLiter%22%7D">0,05
                                                            Liter (Miniaturen)</a></li>
                                                        <li role="treeitem"
                                                            class="is-submenu-item is-drilldown-submenu-item"><a
                                                                href="https://www.foobaa.de/spirituosen?ft=%7B%22facet_inhalt%22%253A%220%252C50%2BLiter%22%7D">0,50
                                                            Liter</a></li>
                                                        <li role="treeitem"
                                                            class="is-submenu-item is-drilldown-submenu-item"><a
                                                                href="https://www.foobaa.de/spirituosen?ft=%7B%22facet_inhalt%22%253A%220%252C70%2BLiter%22%7D">0,70
                                                            Liter</a></li>
                                                        <li role="treeitem"
                                                            class="is-submenu-item is-drilldown-submenu-item"><a
                                                                href="https://www.foobaa.de/spirituosen?ft=%7B%22facet_inhalt%22%253A%221%2BLiter%22%7D">1,00
                                                            Liter</a></li>
                                                    </ul>
                                                </li>
                                                <li role="treeitem"
                                                    class="is-drilldown-submenu-parent is-submenu-item is-drilldown-submenu-item"
                                                    aria-haspopup="true" aria-label="nach Preis" aria-expanded="false">
                                                    <a tabindex="0">nach Preis</a>
                                                    <ul class="vertical menu nested submenu is-drilldown-submenu invisible drilldown-submenu-cover-previous"
                                                        data-submenu="" role="group" aria-hidden="true">
                                                        <li class="js-drilldown-back"><a tabindex="0">Back</a></li>
                                                        <li role="treeitem"
                                                            class="is-submenu-item is-drilldown-submenu-item"><a
                                                                href="https://www.foobaa.de/spirituosen?ft=%7B%22facet_preis%22%253A%22bis%2B5%252C00%2B%E2%82%AC%22%7D">bis
                                                            5,00 €</a></li>
                                                        <li role="treeitem"
                                                            class="is-submenu-item is-drilldown-submenu-item"><a
                                                                href="https://www.foobaa.de/spirituosen?ft=%7B%22facet_preis%22%253A%22von%2B5%252C00%2B%E2%82%AC%2Bbis%2B10%252C00%2B%E2%82%AC%22%7D">von
                                                            5,00 € bis 10,00 €</a></li>
                                                        <li role="treeitem"
                                                            class="is-submenu-item is-drilldown-submenu-item"><a
                                                                href="https://www.foobaa.de/spirituosen?ft=%7B%22facet_preis%22%253A%22von%2B10%252C00%2B%E2%82%AC%2Bbis%2B25%252C00%2B%E2%82%AC%22%7D">von
                                                            10,00 € bis 25,00 €</a></li>
                                                        <li role="treeitem"
                                                            class="is-submenu-item is-drilldown-submenu-item"><a
                                                                href="https://www.foobaa.de/spirituosen?ft=%7B%22facet_preis%22%253A%22von%2B25%252C00%2B%E2%82%AC%2Bbis%2B50%252C00%2B%E2%82%AC%22%7D">von
                                                            25,00 € bis 50,00 €</a></li>
                                                        <li role="treeitem"
                                                            class="is-submenu-item is-drilldown-submenu-item"><a
                                                                href="https://www.foobaa.de/spirituosen?ft=%7B%22facet_preis%22%253A%22von%2B50%252C00%2B%E2%82%AC%2Bbis%2B100%252C00%2B%E2%82%AC%22%7D">von
                                                            50,00 € bis 100,00 €</a></li>
                                                        <li role="treeitem"
                                                            class="is-submenu-item is-drilldown-submenu-item"><a
                                                                href="https://www.foobaa.de/spirituosen?ft=%7B%22facet_preis%22%253A%22ab%2B100%252C00%2B%E2%82%AC%22%7D">ab
                                                            100,00 €</a></li>
                                                    </ul>
                                                </li>
                                                <li role="treeitem"
                                                    class="is-drilldown-submenu-parent is-submenu-item is-drilldown-submenu-item"
                                                    aria-haspopup="true" aria-label="Spirituosen - Zubehör"
                                                    aria-expanded="false"><a tabindex="0">Spirituosen - Zubehör</a>
                                                    <ul class="vertical menu nested submenu is-drilldown-submenu invisible drilldown-submenu-cover-previous"
                                                        data-submenu="" role="group" aria-hidden="true">
                                                        <li class="js-drilldown-back"><a tabindex="0">Back</a></li>
                                                        <li role="treeitem"
                                                            class="is-submenu-item is-drilldown-submenu-item"><a
                                                                href="https://www.foobaa.de/genusszubehoer-genussaccessoires/b%C3%BCcher">Bücher</a>
                                                        </li>
                                                        <li role="treeitem"
                                                            class="is-submenu-item is-drilldown-submenu-item"><a
                                                                href="https://www.foobaa.de/genusszubehoer-genussaccessoires/gl%C3%A4ser">Gläser</a>
                                                        </li>
                                                        <li role="treeitem"
                                                            class="is-submenu-item is-drilldown-submenu-item"><a
                                                                href="https://www.foobaa.de/genusszubehoer-genussaccessoires/wasserkr%C3%BCge">Wasserkrüge</a>
                                                        </li>
                                                    </ul>
                                                </li>
                                            </ul>
                                        </li>
                                        <li role="treeitem" class="is-drilldown-submenu-parent" aria-haspopup="true"
                                            aria-label="Zigarren" aria-expanded="false"><a tabindex="0">Zigarren</a>
                                            <ul class="vertical menu nested submenu is-drilldown-submenu invisible drilldown-submenu-cover-previous"
                                                data-submenu="" role="group" aria-hidden="true">
                                                <li class="js-drilldown-back"><a tabindex="0">Back</a></li>
                                                <li role="treeitem" class="is-submenu-item is-drilldown-submenu-item"><a
                                                        href="https://www.foobaa.de/zigarren-zigarillos-home">zur
                                                    Kategorieseite</a></li>
                                                <li role="treeitem"
                                                    class="is-drilldown-submenu-parent is-submenu-item is-drilldown-submenu-item"
                                                    aria-haspopup="true" aria-label="nach Kategorie"
                                                    aria-expanded="false"><a tabindex="0">nach Kategorie</a>
                                                    <ul class="vertical menu nested submenu is-drilldown-submenu invisible drilldown-submenu-cover-previous"
                                                        data-submenu="" role="group" aria-hidden="true">
                                                        <li class="js-drilldown-back"><a tabindex="0">Back</a></li>
                                                        <li role="treeitem"
                                                            class="is-submenu-item is-drilldown-submenu-item"><a
                                                                href="https://www.foobaa.de/zigarren-zigarillos">alle
                                                            Zigarren &amp; Zigarillos</a></li>
                                                        <li role="treeitem"
                                                            class="is-submenu-item is-drilldown-submenu-item"><a
                                                                href="https://www.foobaa.de/zigarren-zigarillos/zigarren">Zigarren</a>
                                                        </li>
                                                        <li role="treeitem"
                                                            class="is-submenu-item is-drilldown-submenu-item"><a
                                                                href="https://www.foobaa.de/zigarren-zigarillos/zigarillos">Zigarillos</a>
                                                        </li>
                                                    </ul>
                                                </li>
                                                <li role="treeitem"
                                                    class="is-drilldown-submenu-parent is-submenu-item is-drilldown-submenu-item"
                                                    aria-haspopup="true" aria-label="nach Länder" aria-expanded="false">
                                                    <a tabindex="0">nach Länder</a>
                                                    <ul class="vertical menu nested submenu is-drilldown-submenu invisible drilldown-submenu-cover-previous"
                                                        data-submenu="" role="group" aria-hidden="true">
                                                        <li class="js-drilldown-back"><a tabindex="0">Back</a></li>
                                                        <li role="treeitem"
                                                            class="is-submenu-item is-drilldown-submenu-item"><a
                                                                href="https://www.foobaa.de/zigarren-zigarillos?ft=%7B%22facet_marke_land%22%253A%22Dominikanische%2BRepublik%22%7D">Dominikanische
                                                            Republik</a></li>
                                                        <li role="treeitem"
                                                            class="is-submenu-item is-drilldown-submenu-item"><a
                                                                href="https://www.foobaa.de/zigarren-zigarillos?ft=%7B%22facet_marke_land%22%253A%22Kuba%22%7D">Kuba</a>
                                                        </li>
                                                        <li role="treeitem"
                                                            class="is-submenu-item is-drilldown-submenu-item"><a
                                                                href="https://www.foobaa.de/zigarren-zigarillos?ft=%7B%22facet_marke_land%22%253A%22Nicaragua%22%7D">Nicaragua</a>
                                                        </li>
                                                    </ul>
                                                </li>
                                                <li role="treeitem"
                                                    class="is-drilldown-submenu-parent is-submenu-item is-drilldown-submenu-item"
                                                    aria-haspopup="true" aria-label="nach Marken" aria-expanded="false">
                                                    <a tabindex="0">nach Marken</a>
                                                    <ul class="vertical menu nested submenu is-drilldown-submenu invisible drilldown-submenu-cover-previous"
                                                        data-submenu="" role="group" aria-hidden="true">
                                                        <li class="js-drilldown-back"><a tabindex="0">Back</a></li>
                                                        <li role="treeitem"
                                                            class="is-submenu-item is-drilldown-submenu-item"><a
                                                                href="https://www.foobaa.de/zigarren-zigarillos?ft=%7B%22facet_marke%22%253A%22Montecristo%22%7D">Montecristo</a>
                                                        </li>
                                                        <li role="treeitem"
                                                            class="is-submenu-item is-drilldown-submenu-item"><a
                                                                href="https://www.foobaa.de/zigarren-zigarillos?ft=%7B%22facet_marke%22%253A%22Cohiba%22%7D">Cohiba</a>
                                                        </li>
                                                        <li role="treeitem"
                                                            class="is-submenu-item is-drilldown-submenu-item"><a
                                                                href="https://www.foobaa.de/zigarren-zigarillos?ft=%7B%22facet_marke%22%253A%22Bock%2By%2BCompania%22%7D">Bock
                                                            y Compania</a></li>
                                                    </ul>
                                                </li>
                                                <li role="treeitem"
                                                    class="is-drilldown-submenu-parent is-submenu-item is-drilldown-submenu-item"
                                                    aria-haspopup="true" aria-label="nach Inhalt" aria-expanded="false">
                                                    <a tabindex="0">nach Inhalt</a>
                                                    <ul class="vertical menu nested submenu is-drilldown-submenu invisible drilldown-submenu-cover-previous"
                                                        data-submenu="" role="group" aria-hidden="true">
                                                        <li class="js-drilldown-back"><a tabindex="0">Back</a></li>
                                                        <li role="treeitem"
                                                            class="is-submenu-item is-drilldown-submenu-item"><a
                                                                href="https://www.foobaa.de/zigarren-zigarillos?ft=%7B%22facet_inhalt%22%253A%223%2BSt%C3%BCck%22%7D">3
                                                            Stück</a></li>
                                                        <li role="treeitem"
                                                            class="is-submenu-item is-drilldown-submenu-item"><a
                                                                href="https://www.foobaa.de/zigarren-zigarillos?ft=%7B%22facet_inhalt%22%253A%225%2BSt%C3%BCck%22%7D">5
                                                            Stück</a></li>
                                                        <li role="treeitem"
                                                            class="is-submenu-item is-drilldown-submenu-item"><a
                                                                href="https://www.foobaa.de/zigarren-zigarillos?ft=%7B%22facet_inhalt%22%253A%2220%2BSt%C3%BCck%22%7D">20
                                                            Stück</a></li>
                                                    </ul>
                                                </li>
                                                <li role="treeitem"
                                                    class="is-drilldown-submenu-parent is-submenu-item is-drilldown-submenu-item"
                                                    aria-haspopup="true" aria-label="nach Preis" aria-expanded="false">
                                                    <a tabindex="0">nach Preis</a>
                                                    <ul class="vertical menu nested submenu is-drilldown-submenu invisible drilldown-submenu-cover-previous"
                                                        data-submenu="" role="group" aria-hidden="true">
                                                        <li class="js-drilldown-back"><a tabindex="0">Back</a></li>
                                                        <li role="treeitem"
                                                            class="is-submenu-item is-drilldown-submenu-item"><a
                                                                href="https://www.foobaa.de/zigarren-zigarillos?ft=%7B%22facet_preis%22%253A%22bis%2B5%252C00%2B%E2%82%AC%22%7D">bis
                                                            5,00 €</a></li>
                                                        <li role="treeitem"
                                                            class="is-submenu-item is-drilldown-submenu-item"><a
                                                                href="https://www.foobaa.de/zigarren-zigarillos?ft=%7B%22facet_preis%22%253A%22von%2B5%252C00%2B%E2%82%AC%2Bbis%2B10%252C00%2B%E2%82%AC%22%7D">von
                                                            5,00 € bis 10,00 €</a></li>
                                                        <li role="treeitem"
                                                            class="is-submenu-item is-drilldown-submenu-item"><a
                                                                href="https://www.foobaa.de/zigarren-zigarillos?ft=%7B%22facet_preis%22%253A%22von%2B10%252C00%2B%E2%82%AC%2Bbis%2B25%252C00%2B%E2%82%AC%22%7D">von
                                                            10,00 € bis 25,00 €</a></li>
                                                        <li role="treeitem"
                                                            class="is-submenu-item is-drilldown-submenu-item"><a
                                                                href="https://www.foobaa.de/zigarren-zigarillos?ft=%7B%22facet_preis%22%253A%22von%2B25%252C00%2B%E2%82%AC%2Bbis%2B50%252C00%2B%E2%82%AC%22%7D">von
                                                            25,00 € bis 50,00 €</a></li>
                                                        <li role="treeitem"
                                                            class="is-submenu-item is-drilldown-submenu-item"><a
                                                                href="https://www.foobaa.de/zigarren-zigarillos?ft=%7B%22facet_preis%22%253A%22von%2B50%252C00%2B%E2%82%AC%2Bbis%2B100%252C00%2B%E2%82%AC%22%7D">von
                                                            50,00 € bis 100,00 €</a></li>
                                                        <li role="treeitem"
                                                            class="is-submenu-item is-drilldown-submenu-item"><a
                                                                href="https://www.foobaa.de/zigarren-zigarillos?ft=%7B%22facet_preis%22%253A%22ab%2B100%252C00%2B%E2%82%AC%22%7D">ab
                                                            100,00 €</a></li>
                                                    </ul>
                                                </li>
                                            </ul>
                                        </li>
                                        <li role="treeitem" class="is-drilldown-submenu-parent" aria-haspopup="true"
                                            aria-label="Weine" aria-expanded="false"><a tabindex="0">Weine</a>
                                            <ul class="vertical menu nested submenu is-drilldown-submenu invisible drilldown-submenu-cover-previous"
                                                data-submenu="" role="group" aria-hidden="true">
                                                <li class="js-drilldown-back"><a tabindex="0">Back</a></li>
                                                <li role="treeitem" class="is-submenu-item is-drilldown-submenu-item"><a
                                                        href="https://www.foobaa.de/wein-home">zur Kategorieseite</a>
                                                </li>
                                                <li role="treeitem"
                                                    class="is-drilldown-submenu-parent is-submenu-item is-drilldown-submenu-item"
                                                    aria-haspopup="true" aria-label="nach Kategorien"
                                                    aria-expanded="false"><a tabindex="0">nach Kategorien</a>
                                                    <ul class="vertical menu nested submenu is-drilldown-submenu invisible drilldown-submenu-cover-previous"
                                                        data-submenu="" role="group" aria-hidden="true">
                                                        <li class="js-drilldown-back"><a tabindex="0">Back</a></li>
                                                        <li role="treeitem"
                                                            class="is-submenu-item is-drilldown-submenu-item"><a
                                                                href="https://www.foobaa.de/wein">alle Weine</a></li>
                                                        <li role="treeitem"
                                                            class="is-submenu-item is-drilldown-submenu-item"><a
                                                                href="https://www.foobaa.de/wein/champagner">Champagner</a>
                                                        </li>
                                                        <li role="treeitem"
                                                            class="is-submenu-item is-drilldown-submenu-item"><a
                                                                href="https://www.foobaa.de/wein/portwein">Portwein</a>
                                                        </li>
                                                        <li role="treeitem"
                                                            class="is-submenu-item is-drilldown-submenu-item"><a
                                                                href="https://www.foobaa.de/wein/prosecco">Prosecco</a>
                                                        </li>
                                                        <li role="treeitem"
                                                            class="is-submenu-item is-drilldown-submenu-item"><a
                                                                href="https://www.foobaa.de/wein/ros%C3%A9wein">Roséwein</a>
                                                        </li>
                                                        <li role="treeitem"
                                                            class="is-submenu-item is-drilldown-submenu-item"><a
                                                                href="https://www.foobaa.de/wein/rotwein">Rotwein</a>
                                                        </li>
                                                        <li role="treeitem"
                                                            class="is-submenu-item is-drilldown-submenu-item"><a
                                                                href="https://www.foobaa.de/wein/sekt">Sekt</a></li>
                                                        <li role="treeitem"
                                                            class="is-submenu-item is-drilldown-submenu-item"><a
                                                                href="https://www.foobaa.de/wein/sherry">Sherry</a></li>
                                                        <li role="treeitem"
                                                            class="is-submenu-item is-drilldown-submenu-item"><a
                                                                href="https://www.foobaa.de/wein/wei%C3%9Fwein">Weißwein</a>
                                                        </li>
                                                    </ul>
                                                </li>
                                                <li role="treeitem"
                                                    class="is-drilldown-submenu-parent is-submenu-item is-drilldown-submenu-item"
                                                    aria-haspopup="true" aria-label="nach Länder" aria-expanded="false">
                                                    <a tabindex="0">nach Länder</a>
                                                    <ul class="vertical menu nested submenu is-drilldown-submenu invisible drilldown-submenu-cover-previous"
                                                        data-submenu="" role="group" aria-hidden="true">
                                                        <li class="js-drilldown-back"><a tabindex="0">Back</a></li>
                                                        <li role="treeitem"
                                                            class="is-submenu-item is-drilldown-submenu-item"><a
                                                                href="https://www.foobaa.de/wein?ft=%7B%22facet_marke_land%22%253A%22Deutschland%22%7D">Deutschland</a>
                                                        </li>
                                                        <li role="treeitem"
                                                            class="is-submenu-item is-drilldown-submenu-item"><a
                                                                href="https://www.foobaa.de/wein?ft=%7B%22facet_marke_land%22%253A%22Portugal%22%7D">Portugal</a>
                                                        </li>
                                                        <li role="treeitem"
                                                            class="is-submenu-item is-drilldown-submenu-item"><a
                                                                href="https://www.foobaa.de/wein?ft=%7B%22facet_marke_land%22%253A%22Argentinien%22%7D">Argentinien</a>
                                                        </li>
                                                        <li role="treeitem"
                                                            class="is-submenu-item is-drilldown-submenu-item"><a
                                                                href="https://www.foobaa.de/wein?ft=%7B%22facet_marke_land%22%253A%22Spanien%22%7D">Spanien</a>
                                                        </li>
                                                        <li role="treeitem"
                                                            class="is-submenu-item is-drilldown-submenu-item"><a
                                                                href="https://www.foobaa.de/wein?ft=%7B%22facet_marke_land%22%253A%22Frankreich%22%7D">Frankreich</a>
                                                        </li>
                                                    </ul>
                                                </li>
                                                <li role="treeitem"
                                                    class="is-drilldown-submenu-parent is-submenu-item is-drilldown-submenu-item"
                                                    aria-haspopup="true" aria-label="nach Regionen"
                                                    aria-expanded="false"><a tabindex="0">nach Regionen</a>
                                                    <ul class="vertical menu nested submenu is-drilldown-submenu invisible drilldown-submenu-cover-previous"
                                                        data-submenu="" role="group" aria-hidden="true">
                                                        <li class="js-drilldown-back"><a tabindex="0">Back</a></li>
                                                        <li role="treeitem"
                                                            class="is-submenu-item is-drilldown-submenu-item"><a
                                                                href="https://www.foobaa.de/wein?ft=%7B%22facet_marke_region%22%253A%22Baden-W%C3%BCrttemberg%22%7D">Baden-Württemberg</a>
                                                        </li>
                                                        <li role="treeitem"
                                                            class="is-submenu-item is-drilldown-submenu-item"><a
                                                                href="https://www.foobaa.de/wein?ft=%7B%22facet_marke_region%22%253A%22Patagonia%22%7D">Patagonien</a>
                                                        </li>
                                                    </ul>
                                                </li>
                                                <li role="treeitem"
                                                    class="is-drilldown-submenu-parent is-submenu-item is-drilldown-submenu-item"
                                                    aria-haspopup="true" aria-label="nach Jahrgang"
                                                    aria-expanded="false"><a tabindex="0">nach Jahrgang</a>
                                                    <ul class="vertical menu nested submenu is-drilldown-submenu invisible drilldown-submenu-cover-previous"
                                                        data-submenu="" role="group" aria-hidden="true">
                                                        <li class="js-drilldown-back"><a tabindex="0">Back</a></li>
                                                        <li role="treeitem"
                                                            class="is-submenu-item is-drilldown-submenu-item"><a
                                                                href="https://www.foobaa.de/wein?ft=%7B%22facet_jahrgang%22%253A%222011%22%7D">2011</a>
                                                        </li>
                                                        <li role="treeitem"
                                                            class="is-submenu-item is-drilldown-submenu-item"><a
                                                                href="https://www.foobaa.de/wein?ft=%7B%22facet_jahrgang%22%253A%222010%22%7D">2010</a>
                                                        </li>
                                                        <li role="treeitem"
                                                            class="is-submenu-item is-drilldown-submenu-item"><a
                                                                href="https://www.foobaa.de/wein?ft=%7B%22facet_jahrgang%22%253A%222009%22%7D">2009</a>
                                                        </li>
                                                        <li role="treeitem"
                                                            class="is-submenu-item is-drilldown-submenu-item"><a
                                                                href="https://www.foobaa.de/wein?ft=%7B%22facet_jahrgang%22%253A%222008%22%7D">2008</a>
                                                        </li>
                                                    </ul>
                                                </li>
                                                <li role="treeitem"
                                                    class="is-drilldown-submenu-parent is-submenu-item is-drilldown-submenu-item"
                                                    aria-haspopup="true" aria-label="nach Preis" aria-expanded="false">
                                                    <a tabindex="0">nach Preis</a>
                                                    <ul class="vertical menu nested submenu is-drilldown-submenu invisible drilldown-submenu-cover-previous"
                                                        data-submenu="" role="group" aria-hidden="true">
                                                        <li class="js-drilldown-back"><a tabindex="0">Back</a></li>
                                                        <li role="treeitem"
                                                            class="is-submenu-item is-drilldown-submenu-item"><a
                                                                href="https://www.foobaa.de/wein?ft=%7B%22facet_preis%22%253A%22bis%2B5%252C00%2B%E2%82%AC%22%7D">bis
                                                            5,00 €</a></li>
                                                        <li role="treeitem"
                                                            class="is-submenu-item is-drilldown-submenu-item"><a
                                                                href="https://www.foobaa.de/wein?ft=%7B%22facet_preis%22%253A%22von%2B5%252C00%2B%E2%82%AC%2Bbis%2B10%252C00%2B%E2%82%AC%22%7D">von
                                                            5,00 € bis 10,00 €</a></li>
                                                        <li role="treeitem"
                                                            class="is-submenu-item is-drilldown-submenu-item"><a
                                                                href="https://www.foobaa.de/wein?ft=%7B%22facet_preis%22%253A%22von%2B10%252C00%2B%E2%82%AC%2Bbis%2B25%252C00%2B%E2%82%AC%22%7D">von
                                                            10,00 € bis 25,00 €</a></li>
                                                        <li role="treeitem"
                                                            class="is-submenu-item is-drilldown-submenu-item"><a
                                                                href="https://www.foobaa.de/wein?ft=%7B%22facet_preis%22%253A%22von%2B25%252C00%2B%E2%82%AC%2Bbis%2B50%252C00%2B%E2%82%AC%22%7D">von
                                                            25,00 € bis 50,00 €</a></li>
                                                        <li role="treeitem"
                                                            class="is-submenu-item is-drilldown-submenu-item"><a
                                                                href="https://www.foobaa.de/wein?ft=%7B%22facet_preis%22%253A%22von%2B50%252C00%2B%E2%82%AC%2Bbis%2B100%252C00%2B%E2%82%AC%22%7D">von
                                                            50,00 € bis 100,00 €</a></li>
                                                    </ul>
                                                </li>
                                            </ul>
                                        </li>
                                        <li role="treeitem" class="is-drilldown-submenu-parent" aria-haspopup="true"
                                            aria-label="Feinkost" aria-expanded="false"><a tabindex="0">Feinkost</a>
                                            <ul class="vertical menu nested submenu is-drilldown-submenu invisible drilldown-submenu-cover-previous"
                                                data-submenu="" role="group" aria-hidden="true">
                                                <li class="js-drilldown-back"><a tabindex="0">Back</a></li>
                                                <li role="treeitem" class="is-submenu-item is-drilldown-submenu-item"><a
                                                        href="https://www.foobaa.de/feinkost-delikatessen-home">zur
                                                    Kategorieseite</a></li>
                                                <li role="treeitem"
                                                    class="is-drilldown-submenu-parent is-submenu-item is-drilldown-submenu-item"
                                                    aria-haspopup="true" aria-label="nach Kategorie"
                                                    aria-expanded="false"><a tabindex="0">nach Kategorie</a>
                                                    <ul class="vertical menu nested submenu is-drilldown-submenu invisible drilldown-submenu-cover-previous"
                                                        data-submenu="" role="group" aria-hidden="true">
                                                        <li class="js-drilldown-back"><a tabindex="0">Back</a></li>
                                                        <li role="treeitem"
                                                            class="is-submenu-item is-drilldown-submenu-item"><a
                                                                href="https://www.foobaa.de/feinkost-delikatessen">gesamte
                                                            Feinkost</a></li>
                                                        <li role="treeitem"
                                                            class="is-submenu-item is-drilldown-submenu-item"><a
                                                                href="https://www.foobaa.de/feinkost-delikatessen/essig--%C3%B6l">Essig/
                                                            Öl</a></li>
                                                        <li role="treeitem"
                                                            class="is-submenu-item is-drilldown-submenu-item"><a
                                                                href="https://www.foobaa.de/feinkost-delikatessen/fruchtsaft">Fruchtsaft</a>
                                                        </li>
                                                        <li role="treeitem"
                                                            class="is-submenu-item is-drilldown-submenu-item"><a
                                                                href="https://www.foobaa.de/feinkost-delikatessen/honig">Honig</a>
                                                        </li>
                                                        <li role="treeitem"
                                                            class="is-submenu-item is-drilldown-submenu-item"><a
                                                                href="https://www.foobaa.de/feinkost-delikatessen/konfit%C3%BCre--marmelade">Konfitüre/
                                                            Marmelade</a></li>
                                                        <li role="treeitem"
                                                            class="is-submenu-item is-drilldown-submenu-item"><a
                                                                href="https://www.foobaa.de/feinkost-delikatessen/leckereien">Leckereien</a>
                                                        </li>
                                                        <li role="treeitem"
                                                            class="is-submenu-item is-drilldown-submenu-item"><a
                                                                href="https://www.foobaa.de/feinkost-delikatessen/pasta-und-co.">Pasta
                                                            und co.</a></li>
                                                        <li role="treeitem"
                                                            class="is-submenu-item is-drilldown-submenu-item"><a
                                                                href="https://www.foobaa.de/feinkost-delikatessen/schokolade">Schokolade</a>
                                                        </li>
                                                        <li role="treeitem"
                                                            class="is-submenu-item is-drilldown-submenu-item"><a
                                                                href="https://www.foobaa.de/feinkost-delikatessen/senf">Senf</a>
                                                        </li>
                                                        <li role="treeitem"
                                                            class="is-submenu-item is-drilldown-submenu-item"><a
                                                                href="https://www.foobaa.de/feinkost-delikatessen/shortbread--biscuit">Shortbread</a>
                                                        </li>
                                                        <li role="treeitem"
                                                            class="is-submenu-item is-drilldown-submenu-item"><a
                                                                href="https://www.foobaa.de/feinkost-delikatessen/tee">Tee</a>
                                                        </li>
                                                    </ul>
                                                </li>
                                                <li role="treeitem"
                                                    class="is-drilldown-submenu-parent is-submenu-item is-drilldown-submenu-item"
                                                    aria-haspopup="true" aria-label="nach Länder" aria-expanded="false">
                                                    <a tabindex="0">nach Länder</a>
                                                    <ul class="vertical menu nested submenu is-drilldown-submenu invisible drilldown-submenu-cover-previous"
                                                        data-submenu="" role="group" aria-hidden="true">
                                                        <li class="js-drilldown-back"><a tabindex="0">Back</a></li>
                                                        <li role="treeitem"
                                                            class="is-submenu-item is-drilldown-submenu-item"><a
                                                                href="https://www.foobaa.de/feinkost-delikatessen?ft=%7B%22facet_marke_land%22%253A%22Italien%22%7D">Italien</a>
                                                        </li>
                                                        <li role="treeitem"
                                                            class="is-submenu-item is-drilldown-submenu-item"><a
                                                                href="https://www.foobaa.de/feinkost-delikatessen?ft=%7B%22facet_marke_land%22%253A%22UK%2B%28England%29%22%7D">UK
                                                            (England)</a></li>
                                                        <li role="treeitem"
                                                            class="is-submenu-item is-drilldown-submenu-item"><a
                                                                href="https://www.foobaa.de/feinkost-delikatessen?ft=%7B%22facet_marke_land%22%253A%22Deutschland%22%7D">Deutschland</a>
                                                        </li>
                                                    </ul>
                                                </li>
                                                <li role="treeitem"
                                                    class="is-drilldown-submenu-parent is-submenu-item is-drilldown-submenu-item"
                                                    aria-haspopup="true" aria-label="nach Marken" aria-expanded="false">
                                                    <a tabindex="0">nach Marken</a>
                                                    <ul class="vertical menu nested submenu is-drilldown-submenu invisible drilldown-submenu-cover-previous"
                                                        data-submenu="" role="group" aria-hidden="true">
                                                        <li class="js-drilldown-back"><a tabindex="0">Back</a></li>
                                                        <li role="treeitem"
                                                            class="is-submenu-item is-drilldown-submenu-item"><a
                                                                href="https://www.foobaa.de/feinkost-delikatessen">Alpe
                                                            Pragas</a></li>
                                                        <li role="treeitem"
                                                            class="is-submenu-item is-drilldown-submenu-item"><a
                                                                href="https://www.foobaa.de/feinkost-delikatessen?ft=%7B%22facet_marke%22%253A%22Hampstead%2BTea%22%7D">Hampstead
                                                            Tea</a></li>
                                                        <li role="treeitem"
                                                            class="is-submenu-item is-drilldown-submenu-item"><a
                                                                href="https://www.foobaa.de/feinkost-delikatessen?ft=%7B%22facet_marke%22%253A%22Drei%2BMeister%22%7D">Drei
                                                            Meister</a></li>
                                                    </ul>
                                                </li>
                                                <li role="treeitem"
                                                    class="is-drilldown-submenu-parent is-submenu-item is-drilldown-submenu-item"
                                                    aria-haspopup="true" aria-label="nach Preis" aria-expanded="false">
                                                    <a tabindex="0">nach Preis</a>
                                                    <ul class="vertical menu nested submenu is-drilldown-submenu invisible drilldown-submenu-cover-previous"
                                                        data-submenu="" role="group" aria-hidden="true">
                                                        <li class="js-drilldown-back"><a tabindex="0">Back</a></li>
                                                        <li role="treeitem"
                                                            class="is-submenu-item is-drilldown-submenu-item"><a
                                                                href="https://www.foobaa.de/feinkost-delikatessen?ft=%7B%22facet_preis%22%253A%22bis%2B5%252C00%2B%E2%82%AC%22%7D">ab
                                                            5,00 €</a></li>
                                                        <li role="treeitem"
                                                            class="is-submenu-item is-drilldown-submenu-item"><a
                                                                href="https://www.foobaa.de/feinkost-delikatessen?ft=%7B%22facet_preis%22%253A%22von%2B5%252C00%2B%E2%82%AC%2Bbis%2B10%252C00%2B%E2%82%AC%22%7D">von
                                                            5,00 € bis 10,00 €</a></li>
                                                        <li role="treeitem"
                                                            class="is-submenu-item is-drilldown-submenu-item"><a
                                                                href="https://www.foobaa.de/feinkost-delikatessen?ft=%7B%22facet_preis%22%253A%22von%2B10%252C00%2B%E2%82%AC%2Bbis%2B25%252C00%2B%E2%82%AC%22%7D">von
                                                            10,00 € bis 25,00 €</a></li>
                                                    </ul>
                                                </li>
                                            </ul>
                                        </li>
                                        <li role="treeitem" class="is-drilldown-submenu-parent" aria-haspopup="true"
                                            aria-label="Zubehör" aria-expanded="false"><a tabindex="0">Zubehör</a>
                                            <ul class="vertical menu nested submenu is-drilldown-submenu invisible drilldown-submenu-cover-previous"
                                                data-submenu="" role="group" aria-hidden="true">
                                                <li class="js-drilldown-back"><a tabindex="0">Back</a></li>
                                                <li role="treeitem" class="is-submenu-item is-drilldown-submenu-item"><a
                                                        href="https://www.foobaa.de/genusszubehoer-genussaccessoires-home">zur
                                                    Kategorieseite</a></li>
                                                <li role="treeitem"
                                                    class="is-drilldown-submenu-parent is-submenu-item is-drilldown-submenu-item"
                                                    aria-haspopup="true" aria-label="nach Kategorien"
                                                    aria-expanded="false"><a tabindex="0">nach Kategorien</a>
                                                    <ul class="vertical menu nested submenu is-drilldown-submenu invisible drilldown-submenu-cover-previous"
                                                        data-submenu="" role="group" aria-hidden="true">
                                                        <li class="js-drilldown-back"><a tabindex="0">Back</a></li>
                                                        <li role="treeitem"
                                                            class="is-submenu-item is-drilldown-submenu-item"><a
                                                                href="https://www.foobaa.de/genusszubehoer-genussaccessoires">gesamte
                                                            Genusszubehörauswahl</a></li>
                                                        <li role="treeitem"
                                                            class="is-submenu-item is-drilldown-submenu-item"><a
                                                                href="https://www.foobaa.de/genusszubehoer-genussaccessoires/b%C3%BCcher">Bücher</a>
                                                        </li>
                                                        <li role="treeitem"
                                                            class="is-submenu-item is-drilldown-submenu-item"><a
                                                                href="https://www.foobaa.de/genusszubehoer-genussaccessoires/gl%C3%A4ser">Gläser</a>
                                                        </li>
                                                        <li role="treeitem"
                                                            class="is-submenu-item is-drilldown-submenu-item"><a
                                                                href="https://www.foobaa.de/genusszubehoer-genussaccessoires/kalender">Kalender</a>
                                                        </li>
                                                        <li role="treeitem"
                                                            class="is-submenu-item is-drilldown-submenu-item"><a
                                                                href="https://www.foobaa.de/genusszubehoer-genussaccessoires/poster">Poster</a>
                                                        </li>
                                                        <li role="treeitem"
                                                            class="is-submenu-item is-drilldown-submenu-item"><a
                                                                href="https://www.foobaa.de/genusszubehoer-genussaccessoires/postkarten">Postkarten</a>
                                                        </li>
                                                        <li role="treeitem"
                                                            class="is-submenu-item is-drilldown-submenu-item"><a
                                                                href="https://www.foobaa.de/genusszubehoer-genussaccessoires/raucherzubeh%C3%B6r">Raucherzubehör</a>
                                                        </li>
                                                        <li role="treeitem"
                                                            class="is-submenu-item is-drilldown-submenu-item"><a
                                                                href="https://www.foobaa.de/genusszubehoer-genussaccessoires/sonstiges">Sonstiges</a>
                                                        </li>
                                                        <li role="treeitem"
                                                            class="is-submenu-item is-drilldown-submenu-item"><a
                                                                href="https://www.foobaa.de/genusszubehoer-genussaccessoires/wasserkr%C3%BCge">Wasserkrüge</a>
                                                        </li>
                                                    </ul>
                                                </li>
                                                <li role="treeitem"
                                                    class="is-drilldown-submenu-parent is-submenu-item is-drilldown-submenu-item"
                                                    aria-haspopup="true" aria-label="nach Länder" aria-expanded="false">
                                                    <a tabindex="0">nach Länder</a>
                                                    <ul class="vertical menu nested submenu is-drilldown-submenu invisible drilldown-submenu-cover-previous"
                                                        data-submenu="" role="group" aria-hidden="true">
                                                        <li class="js-drilldown-back"><a tabindex="0">Back</a></li>
                                                        <li role="treeitem"
                                                            class="is-submenu-item is-drilldown-submenu-item"><a
                                                                href="https://www.foobaa.de/genusszubehoer-genussaccessoires?ft=%7B%22facet_marke_land%22%253A%22Deutschland%22%7D">Deutschland</a>
                                                        </li>
                                                        <li role="treeitem"
                                                            class="is-submenu-item is-drilldown-submenu-item"><a
                                                                href="https://www.foobaa.de/genusszubehoer-genussaccessoires?ft=%7B%22facet_marke_land%22%253A%22UK%2B%28England%29%22%7D">UK
                                                            (England)</a></li>
                                                        <li role="treeitem"
                                                            class="is-submenu-item is-drilldown-submenu-item"><a
                                                                href="https://www.foobaa.de/genusszubehoer-genussaccessoires?ft=%7B%22facet_marke_land%22%253A%22UK%2B%28Schottland%29%22%7D">UK
                                                            (Schottland)</a></li>
                                                    </ul>
                                                </li>
                                                <li role="treeitem"
                                                    class="is-drilldown-submenu-parent is-submenu-item is-drilldown-submenu-item"
                                                    aria-haspopup="true" aria-label="nach Preis" aria-expanded="false">
                                                    <a tabindex="0">nach Preis</a>
                                                    <ul class="vertical menu nested submenu is-drilldown-submenu invisible drilldown-submenu-cover-previous"
                                                        data-submenu="" role="group" aria-hidden="true">
                                                        <li class="js-drilldown-back"><a tabindex="0">Back</a></li>
                                                        <li role="treeitem"
                                                            class="is-submenu-item is-drilldown-submenu-item"><a
                                                                href="https://www.foobaa.de/genusszubehoer-genussaccessoires?ft=%7B%22facet_preis%22%253A%22bis%2B5%252C00%2B%E2%82%AC%22%7D">bis
                                                            5,00 €</a></li>
                                                        <li role="treeitem"
                                                            class="is-submenu-item is-drilldown-submenu-item"><a
                                                                href="https://www.foobaa.de/genusszubehoer-genussaccessoires?ft=%7B%22facet_preis%22%253A%22von%2B5%252C00%2B%E2%82%AC%2Bbis%2B10%252C00%2B%E2%82%AC%22%7D">von
                                                            5,00 € bis 10,00 €</a></li>
                                                        <li role="treeitem"
                                                            class="is-submenu-item is-drilldown-submenu-item"><a
                                                                href="https://www.foobaa.de/genusszubehoer-genussaccessoires?ft=%7B%22facet_preis%22%253A%22von%2B10%252C00%2B%E2%82%AC%2Bbis%2B25%252C00%2B%E2%82%AC%22%7D">von
                                                            10,00 € bis 25,00 €</a></li>
                                                        <li role="treeitem"
                                                            class="is-submenu-item is-drilldown-submenu-item"><a
                                                                href="https://www.foobaa.de/genusszubehoer-genussaccessoires?ft=%7B%22facet_preis%22%253A%22von%2B25%252C00%2B%E2%82%AC%2Bbis%2B50%252C00%2B%E2%82%AC%22%7D">von
                                                            25,00 € bis 50,00 €</a></li>
                                                    </ul>
                                                </li>
                                            </ul>
                                        </li>
                                    </ul>
                                </div>
                            </div>
                        </div>
                        <div class="js-off-canvas-overlay is-overlay-fixed"></div>
                    </div>
                    <div class="small-9">


                        <form id="id15" method="post" action="./alle-whiskies?1-1.-brix~tile~172-searchForm">
                            <div class="input-group">
                                <input class="input-group-field" placeholder="Finden Sie Whisky, Marken &amp; mehr"
                                       autocomplete="off" name="searchField" id="id12" type="text">
                                <div class="input-group-button">
                                    <input class="button" src="foobaa.de_all_sorts_p1_files/fi-magnifying-glass.svg"
                                           type="image">
                                </div>
                            </div>
                        </form>

                        <span id="id16" style="display:none"></span>


                    </div>
                </div>
            </div>
        </header>
        <div id="navigation-background"></div>
        <div class="topteaserbar">
            <div class="grid-container">
                <div class="grid-x">
                    <div class="auto cell">
                        <ul class="menu align-center">
                            <li><a data-src="/modal/foobaa.de-versandkosten" data-fancybox="null" data-type="ajax"
                                   href="https://www.foobaa.de/foobaa.de-versandkosten">Versandkostenfrei ab 77,-
                                Euro</a></li>
                            <li class="hide-for-small-only"><a href="https://www.foobaa.de/themen/neue-artikel">neue
                                Artikel</a></li>
                            <li class="hide-for-small-only"><a href="https://www.foobaa.de/marken">alle Marken</a></li>
                        </ul>
                    </div>
                </div>
            </div>
        </div>


        <div id="breadcrumb">
            <div class="grid-container">
                <div class="ww-breadcrumbs">
                    <a title="zurück" href="https://www.foobaa.de/whisky-whiskey-home">
                        &lt; zurück zu
                        Whisky &amp; Whiskey
                    </a>
                    <span>
            <div class="hide-for-small-only"> Sie sind hier:</div>
        </span>
                    <ul class="breadcrumbs" itemscope="" itemtype="http://schema.org/BreadcrumbList">

                        <li itemprop="itemListElement" itemscope="" itemtype="http://schema.org/ListItem">
                            <a href="https://www.foobaa.de/" itemscope="" itemtype="http://schema.org/Thing"
                               itemprop="item">
                                Startseite
                                <meta itemprop="name" content="Startseite">
                            </a>
                            <meta itemprop="position" content="1">
                        </li>

                        <li itemprop="itemListElement" itemscope="" itemtype="http://schema.org/ListItem">
                            <a href="https://www.foobaa.de/whisky-whiskey-home" itemscope=""
                               itemtype="http://schema.org/Thing" itemprop="item">
                                Whisky &amp; Whiskey
                                <meta itemprop="name" content="Whisky &amp; Whiskey">
                            </a>
                            <meta itemprop="position" content="2">
                        </li>

                        <li itemprop="itemListElement" itemscope="" itemtype="http://schema.org/ListItem">
                            <h2 itemscope="" itemtype="http://schema.org/Thing" itemprop="item">
                                <span property="v:title">alle Whiskies </span>
                                <meta itemprop="name" content="alle Whiskies ">
                            </h2>
                            <meta itemprop="position" content="3">
                        </li>
                    </ul>

                </div>
            </div>
        </div>
        <div id="catalogConfig"></div>

        <section class="page">
            <div class="grid-x">
                <section data-content-scroll="false" id="sidebar-box"
                         class="off-canvas in-canvas-for-medium position-left is-closed is-transition-overlap"
                         data-off-canvas="data-off-canvas" aria-hidden="true" data-t="843jwg-t">
                    <div id="catalogMenu">
                        <nav>


                            <h2>Whisky Sorten</h2>

                            <ul class="list-unstyled">
                                <li>
                                    <a href="https://www.foobaa.de/alle-whiskies" class="active">
                                        alle Whiskies
                                    </a>
                                </li>
                                <li>
                                    <a href="https://www.foobaa.de/blended-malt">
                                        Blended Malt
                                    </a>
                                </li>
                                <li>
                                    <a href="https://www.foobaa.de/blended-whiskies">
                                        Blended Whiskies
                                    </a>
                                </li>
                                <li>
                                    <a href="https://www.foobaa.de/bourbon">
                                        Bourbon
                                    </a>
                                </li>
                                <li>
                                    <a href="https://www.foobaa.de/grain-korn-rye">
                                        Grain/ Korn/ Rye
                                    </a>
                                </li>
                                <li>
                                    <a href="https://www.foobaa.de/single-malt">
                                        Single Malt
                                    </a>
                                </li>
                            </ul>


                            <h2>besondere Länder</h2>

                            <ul class="list-unstyled">
                                <li>
                                    <a href="https://www.foobaa.de/amerikanischer-whiskey">
                                        Amerikanischer Whiskey
                                    </a>
                                </li>
                                <li>
                                    <a href="https://www.foobaa.de/irischer-whiskey">
                                        Irischer Whiskey
                                    </a>
                                </li>
                                <li>
                                    <a href="https://www.foobaa.de/japanischer-whisky">
                                        Japanischer Whisky
                                    </a>
                                </li>
                                <li>
                                    <a href="https://www.foobaa.de/kanadischer-whisky">
                                        Kanadischer Whisky
                                    </a>
                                </li>
                                <li>
                                    <a href="https://www.foobaa.de/schottischer-whisky">
                                        Schottischer Whisky
                                    </a>
                                </li>
                            </ul>


                            <h2>Themen</h2>

                            <ul class="list-unstyled">
                                <li>
                                    <a href="https://www.foobaa.de/whisky-adventskalender">
                                        Whisky Adventskalender
                                    </a>
                                </li>
                                <li>
                                    <a href="https://www.foobaa.de/whisky-geschenkideen">
                                        Whisky-Geschenkideen
                                    </a>
                                </li>
                                <li>
                                    <a href="https://www.foobaa.de/whisky-glaeser">
                                        Whiskygläser
                                    </a>
                                </li>
                                <li>
                                    <a href="https://www.foobaa.de/whisky-likoere">
                                        (Whisky-) Liköre
                                    </a>
                                </li>
                            </ul>


                        </nav>
                    </div>
                </section>
                <section id="content">
                    <section role="main">
                        <button class="button hide-for-medium" data-toggle="sidebar-box" aria-expanded="false"
                                aria-controls="sidebar-box">Kategorien
                        </button>
                        <button class="button hide-for-medium filterbox-button" data-toggle="filter-box"
                                aria-expanded="false" aria-controls="filter-box">Filter
                        </button>


                        <h1>alle Whisky Sorten</h1>

                        <div class="page-hl-teaser"></div>


                        <div class="grid-x navigation-bar">
                            <div class="medium-4 cell">
                                <p>979 Artikel gefunden / Seite 1 von 28

                                </p>
                            </div>
                            <div class="medium-8 cell top-pagination text-right">
                                <ul class="pagination" role="navigation" aria-label="Pagination">


                                    <li class="current">
                                        <em><span>
                                1
                            </span></em>
                                    </li>

                                    <li>
                                        <a href="https://www.foobaa.de/alle-whiskies?page=2">
                                            2
                                        </a>
                                    </li>

                                    <li>
                                        <a href="https://www.foobaa.de/alle-whiskies?page=3">
                                            3
                                        </a>
                                    </li>

                                    <li>
                                        <a href="https://www.foobaa.de/alle-whiskies?page=4">
                                            4
                                        </a>
                                    </li>

                                    <li>
                                        <a href="https://www.foobaa.de/alle-whiskies?page=5">
                                            5
                                        </a>
                                    </li>


                                    <li class="ellipsis" aria-hidden="true"></li>
                                    <li>
                                        <a href="https://www.foobaa.de/alle-whiskies?page=28">28</a>
                                    </li>
                                    <li class="pagination-next">
                                        <a href="https://www.foobaa.de/alle-whiskies?page=2" title="nächste Seite"
                                           class="next"></a>
                                    </li>
                                </ul>
                            </div>
                        </div>


                        <div class="grid-x filterbox off-canvas in-canvas-for-medium position-left is-closed is-transition-overlap"
                             id="filter-box" data-off-canvas="data-off-canvas" data-content-scroll="false"
                             aria-hidden="true" data-t="02um0e-t">


                            <select onchange="(this.options[this.selectedIndex].value!='null') ? window.location.href=this.options[this.selectedIndex].value : '';">
                                <option selected="selected" value="">Kategorie</option>
                                <option value="./alle-whiskies?ft=%257B%2522produkt_kategorie%2522:%2522Blended%2BMalt%2522%257D">
                                    Blended Malt (25)
                                </option>
                                <option value="./alle-whiskies?ft=%257B%2522produkt_kategorie%2522:%2522Blended%2BWhiskies%2522%257D">
                                    Blended Whiskies (155)
                                </option>
                                <option value="./alle-whiskies?ft=%257B%2522produkt_kategorie%2522:%2522Bourbon%2522%257D">
                                    Bourbon (85)
                                </option>
                                <option value="./alle-whiskies?ft=%257B%2522produkt_kategorie%2522:%2522Grain/%2BKorn/%2BRye%2522%257D">
                                    Grain/ Korn/ Rye (41)
                                </option>
                                <option value="./alle-whiskies?ft=%257B%2522produkt_kategorie%2522:%2522Single%2BMalt%2522%257D">
                                    Single Malt (673)
                                </option>
                            </select>


                            <select onchange="(this.options[this.selectedIndex].value!='null') ? window.location.href=this.options[this.selectedIndex].value : '';">
                                <option selected="selected" value="">Marke</option>
                                <option value="./alle-whiskies?ft=%257B%2522facet_marke%2522:%2522Aberfeldy%2522%257D">
                                    Aberfeldy (1)
                                </option>
                                <option value="./alle-whiskies?ft=%257B%2522facet_marke%2522:%2522Aberlour%2522%257D">
                                    Aberlour (7)
                                </option>
                                <option value="./alle-whiskies?ft=%257B%2522facet_marke%2522:%2522Akashi%2522%257D">
                                    Akashi (2)
                                </option>
                                <option value="./alle-whiskies?ft=%257B%2522facet_marke%2522:%2522Amrut%2522%257D">Amrut
                                    (3)
                                </option>
                                <option value="./alle-whiskies?ft=%257B%2522facet_marke%2522:%2522Angels%25C2%25B4%2BNectar%2522%257D">
                                    Angels´ Nectar (3)
                                </option>
                                <option value="./alle-whiskies?ft=%257B%2522facet_marke%2522:%2522Ardbeg%2522%257D">
                                    Ardbeg (12)
                                </option>
                                <option value="./alle-whiskies?ft=%257B%2522facet_marke%2522:%2522Ardmore%2522%257D">
                                    Ardmore (7)
                                </option>
                                <option value="./alle-whiskies?ft=%257B%2522facet_marke%2522:%2522Armorik%2522%257D">
                                    Armorik (6)
                                </option>
                                <option value="./alle-whiskies?ft=%257B%2522facet_marke%2522:%2522Auchentoshan%2522%257D">
                                    Auchentoshan (10)
                                </option>
                                <option value="./alle-whiskies?ft=%257B%2522facet_marke%2522:%2522Auchroisk%2522%257D">
                                    Auchroisk (3)
                                </option>
                                <option value="./alle-whiskies?ft=%257B%2522facet_marke%2522:%2522Aultmore%2522%257D">
                                    Aultmore (1)
                                </option>
                                <option value="./alle-whiskies?ft=%257B%2522facet_marke%2522:%2522Bain%25E2%2580%2599s%2BCape%2BMountain%2522%257D">
                                    Bain’s Cape Mountain (1)
                                </option>
                                <option value="./alle-whiskies?ft=%257B%2522facet_marke%2522:%2522Baker%2527s%2522%257D">
                                    Baker's (1)
                                </option>
                                <option value="./alle-whiskies?ft=%257B%2522facet_marke%2522:%2522Balblair%2522%257D">
                                    Balblair (6)
                                </option>
                                <option value="./alle-whiskies?ft=%257B%2522facet_marke%2522:%2522Ballantines%2522%257D">
                                    Ballantines (3)
                                </option>
                                <option value="./alle-whiskies?ft=%257B%2522facet_marke%2522:%2522Balvenie%2522%257D">
                                    Balvenie (6)
                                </option>
                                <option value="./alle-whiskies?ft=%257B%2522facet_marke%2522:%2522Basil%2BHayden%2527s%2522%257D">
                                    Basil Hayden's (1)
                                </option>
                                <option value="./alle-whiskies?ft=%257B%2522facet_marke%2522:%2522Bell%2560s%2522%257D">
                                    Bell`s (1)
                                </option>
                                <option value="./alle-whiskies?ft=%257B%2522facet_marke%2522:%2522Ben%2BNevis%2522%257D">
                                    Ben Nevis (2)
                                </option>
                                <option value="./alle-whiskies?ft=%257B%2522facet_marke%2522:%2522Benriach%2522%257D">
                                    Benriach (12)
                                </option>
                                <option value="./alle-whiskies?ft=%257B%2522facet_marke%2522:%2522Benrinnes%2522%257D">
                                    Benrinnes (4)
                                </option>
                                <option value="./alle-whiskies?ft=%257B%2522facet_marke%2522:%2522Benromach%2522%257D">
                                    Benromach (3)
                                </option>
                                <option value="./alle-whiskies?ft=%257B%2522facet_marke%2522:%2522Black%2B%2526%2BWhite%2522%257D">
                                    Black &amp; White (1)
                                </option>
                                <option value="./alle-whiskies?ft=%257B%2522facet_marke%2522:%2522Black%2BBottle%2522%257D">
                                    Black Bottle (3)
                                </option>
                                <option value="./alle-whiskies?ft=%257B%2522facet_marke%2522:%2522Black%2BBull%2522%257D">
                                    Black Bull (1)
                                </option>
                                <option value="./alle-whiskies?ft=%257B%2522facet_marke%2522:%2522Black%2BVelvet%2522%257D">
                                    Black Velvet (3)
                                </option>
                                <option value="./alle-whiskies?ft=%257B%2522facet_marke%2522:%2522Bladnoch%2522%257D">
                                    Bladnoch (1)
                                </option>
                                <option value="./alle-whiskies?ft=%257B%2522facet_marke%2522:%2522Blair%2BAthol%2522%257D">
                                    Blair Athol (2)
                                </option>
                                <option value="./alle-whiskies?ft=%257B%2522facet_marke%2522:%2522Blanton%2560s%2522%257D">
                                    Blanton`s (4)
                                </option>
                                <option value="./alle-whiskies?ft=%257B%2522facet_marke%2522:%2522Booker%2527s%2522%257D">
                                    Booker's (1)
                                </option>
                                <option value="./alle-whiskies?ft=%257B%2522facet_marke%2522:%2522Bowen%2560s%2522%257D">
                                    Bowen`s (1)
                                </option>
                                <option value="./alle-whiskies?ft=%257B%2522facet_marke%2522:%2522Bowmore%2522%257D">
                                    Bowmore (15)
                                </option>
                                <option value="./alle-whiskies?ft=%257B%2522facet_marke%2522:%2522Braeval%2522%257D">
                                    Braeval (1)
                                </option>
                                <option value="./alle-whiskies?ft=%257B%2522facet_marke%2522:%2522Bruichladdich%2522%257D">
                                    Bruichladdich (14)
                                </option>
                                <option value="./alle-whiskies?ft=%257B%2522facet_marke%2522:%2522Buffalo%2BTrace%2522%257D">
                                    Buffalo Trace (2)
                                </option>
                                <option value="./alle-whiskies?ft=%257B%2522facet_marke%2522:%2522Bulleit%2522%257D">
                                    Bulleit (5)
                                </option>
                                <option value="./alle-whiskies?ft=%257B%2522facet_marke%2522:%2522Bunnahabhain%2522%257D">
                                    Bunnahabhain (13)
                                </option>
                                <option value="./alle-whiskies?ft=%257B%2522facet_marke%2522:%2522Bushmills%2522%257D">
                                    Bushmills (9)
                                </option>
                                <option value="./alle-whiskies?ft=%257B%2522facet_marke%2522:%2522Cameron%2BBrig%2522%257D">
                                    Cameron Brig (1)
                                </option>
                                <option value="./alle-whiskies?ft=%257B%2522facet_marke%2522:%2522Canadian%2BClub%2522%257D">
                                    Canadian Club (4)
                                </option>
                                <option value="./alle-whiskies?ft=%257B%2522facet_marke%2522:%2522Canadian%2BTippers%2522%257D">
                                    Canadian Tippers (1)
                                </option>
                                <option value="./alle-whiskies?ft=%257B%2522facet_marke%2522:%2522Caol%2BIla%2522%257D">
                                    Caol Ila (8)
                                </option>
                                <option value="./alle-whiskies?ft=%257B%2522facet_marke%2522:%2522Cardhu%2522%257D">
                                    Cardhu (5)
                                </option>
                                <option value="./alle-whiskies?ft=%257B%2522facet_marke%2522:%2522Catoctin%2BCreek%2522%257D">
                                    Catoctin Creek (2)
                                </option>
                                <option value="./alle-whiskies?ft=%257B%2522facet_marke%2522:%2522Chicken%2BCock%2522%257D">
                                    Chicken Cock (1)
                                </option>
                                <option value="./alle-whiskies?ft=%257B%2522facet_marke%2522:%2522Chivas%2BBrothers%2522%257D">
                                    Chivas Brothers (4)
                                </option>
                                <option value="./alle-whiskies?ft=%257B%2522facet_marke%2522:%2522Clan%2BCampbell%2522%257D">
                                    Clan Campbell (1)
                                </option>
                                <option value="./alle-whiskies?ft=%257B%2522facet_marke%2522:%2522Clan%2BFraser%2522%257D">
                                    Clan Fraser (1)
                                </option>
                                <option value="./alle-whiskies?ft=%257B%2522facet_marke%2522:%2522Clan%2BMacGregor%2522%257D">
                                    Clan MacGregor (1)
                                </option>
                                <option value="./alle-whiskies?ft=%257B%2522facet_marke%2522:%2522Classic%2BMalt%2522%257D">
                                    Classic Malt (1)
                                </option>
                                <option value="./alle-whiskies?ft=%257B%2522facet_marke%2522:%2522Cleveland%2BAmerican%2BBourbon%2522%257D">
                                    Cleveland American Bourbon (6)
                                </option>
                                <option value="./alle-whiskies?ft=%257B%2522facet_marke%2522:%2522Clontarf%2522%257D">
                                    Clontarf (5)
                                </option>
                                <option value="./alle-whiskies?ft=%257B%2522facet_marke%2522:%2522Clynelish%2522%257D">
                                    Clynelish (3)
                                </option>
                                <option value="./alle-whiskies?ft=%257B%2522facet_marke%2522:%2522Connemara%2522%257D">
                                    Connemara (4)
                                </option>
                                <option value="./alle-whiskies?ft=%257B%2522facet_marke%2522:%2522Cooley%2522%257D">
                                    Cooley (1)
                                </option>
                                <option value="./alle-whiskies?ft=%257B%2522facet_marke%2522:%2522Copper%2BDog%2522%257D">
                                    Copper Dog (1)
                                </option>
                                <option value="./alle-whiskies?ft=%257B%2522facet_marke%2522:%2522Copper%2BFox%2522%257D">
                                    Copper Fox (1)
                                </option>
                                <option value="./alle-whiskies?ft=%257B%2522facet_marke%2522:%2522Corsair%2522%257D">
                                    Corsair (1)
                                </option>
                                <option value="./alle-whiskies?ft=%257B%2522facet_marke%2522:%2522Cragganmore%2522%257D">
                                    Cragganmore (3)
                                </option>
                                <option value="./alle-whiskies?ft=%257B%2522facet_marke%2522:%2522Craigellachie%2522%257D">
                                    Craigellachie (4)
                                </option>
                                <option value="./alle-whiskies?ft=%257B%2522facet_marke%2522:%2522Crown%2BRoyal%2522%257D">
                                    Crown Royal (2)
                                </option>
                                <option value="./alle-whiskies?ft=%257B%2522facet_marke%2522:%2522Cutty%2BSark%2522%257D">
                                    Cutty Sark (2)
                                </option>
                                <option value="./alle-whiskies?ft=%257B%2522facet_marke%2522:%2522DRY%2BFLY%2522%257D">
                                    DRY FLY (4)
                                </option>
                                <option value="./alle-whiskies?ft=%257B%2522facet_marke%2522:%2522Dailuaine%2522%257D">
                                    Dailuaine (2)
                                </option>
                                <option value="./alle-whiskies?ft=%257B%2522facet_marke%2522:%2522Dalmore%2522%257D">
                                    Dalmore (2)
                                </option>
                                <option value="./alle-whiskies?ft=%257B%2522facet_marke%2522:%2522Dalwhinnie%2522%257D">
                                    Dalwhinnie (6)
                                </option>
                                <option value="./alle-whiskies?ft=%257B%2522facet_marke%2522:%2522Deanston%2522%257D">
                                    Deanston (7)
                                </option>
                                <option value="./alle-whiskies?ft=%257B%2522facet_marke%2522:%2522Dean%25C2%25B4s%2522%257D">
                                    Dean´s (1)
                                </option>
                                <option value="./alle-whiskies?ft=%257B%2522facet_marke%2522:%2522Dewar%2560s%2522%257D">
                                    Dewar`s (1)
                                </option>
                                <option value="./alle-whiskies?ft=%257B%2522facet_marke%2522:%2522Dimple%2522%257D">
                                    Dimple (1)
                                </option>
                                <option value="./alle-whiskies?ft=%257B%2522facet_marke%2522:%2522Drumguish%2522%257D">
                                    Drumguish (1)
                                </option>
                                <option value="./alle-whiskies?ft=%257B%2522facet_marke%2522:%2522Dufftown%2522%257D">
                                    Dufftown (9)
                                </option>
                                <option value="./alle-whiskies?ft=%257B%2522facet_marke%2522:%2522Dun%2BBheagan%2522%257D">
                                    Dun Bheagan (3)
                                </option>
                                <option value="./alle-whiskies?ft=%257B%2522facet_marke%2522:%2522Dunville%2522%257D">
                                    Dunville (1)
                                </option>
                                <option value="./alle-whiskies?ft=%257B%2522facet_marke%2522:%2522Eagle%2BRare%2522%257D">
                                    Eagle Rare (1)
                                </option>
                                <option value="./alle-whiskies?ft=%257B%2522facet_marke%2522:%2522Early%2BTimes%2522%257D">
                                    Early Times (1)
                                </option>
                                <option value="./alle-whiskies?ft=%257B%2522facet_marke%2522:%2522Edradour%2522%257D">
                                    Edradour (10)
                                </option>
                                <option value="./alle-whiskies?ft=%257B%2522facet_marke%2522:%2522Elijah%2BCraig%2522%257D">
                                    Elijah Craig (1)
                                </option>
                                <option value="./alle-whiskies?ft=%257B%2522facet_marke%2522:%2522Evan%2BWilliams%2522%257D">
                                    Evan Williams (5)
                                </option>
                                <option value="./alle-whiskies?ft=%257B%2522facet_marke%2522:%2522Famous%2BGrouse%2522%257D">
                                    Famous Grouse (11)
                                </option>
                                <option value="./alle-whiskies?ft=%257B%2522facet_marke%2522:%2522Finlaggan%2522%257D">
                                    Finlaggan (6)
                                </option>
                                <option value="./alle-whiskies?ft=%257B%2522facet_marke%2522:%2522Forester%2522%257D">
                                    Forester (1)
                                </option>
                                <option value="./alle-whiskies?ft=%257B%2522facet_marke%2522:%2522Four%2BRoses%2522%257D">
                                    Four Roses (5)
                                </option>
                                <option value="./alle-whiskies?ft=%257B%2522facet_marke%2522:%2522George%2BDickel%2522%257D">
                                    George Dickel (3)
                                </option>
                                <option value="./alle-whiskies?ft=%257B%2522facet_marke%2522:%2522Georgia%2BMoon%2522%257D">
                                    Georgia Moon (1)
                                </option>
                                <option value="./alle-whiskies?ft=%257B%2522facet_marke%2522:%2522Girvan%2522%257D">
                                    Girvan (1)
                                </option>
                                <option value="./alle-whiskies?ft=%257B%2522facet_marke%2522:%2522Glen%2BDeveron%2522%257D">
                                    Glen Deveron (2)
                                </option>
                                <option value="./alle-whiskies?ft=%257B%2522facet_marke%2522:%2522Glen%2BElgin%2522%257D">
                                    Glen Elgin (1)
                                </option>
                                <option value="./alle-whiskies?ft=%257B%2522facet_marke%2522:%2522Glen%2BGarioch%2522%257D">
                                    Glen Garioch (5)
                                </option>
                                <option value="./alle-whiskies?ft=%257B%2522facet_marke%2522:%2522Glen%2BGrant%2522%257D">
                                    Glen Grant (5)
                                </option>
                                <option value="./alle-whiskies?ft=%257B%2522facet_marke%2522:%2522Glen%2BKeith%2522%257D">
                                    Glen Keith (1)
                                </option>
                                <option value="./alle-whiskies?ft=%257B%2522facet_marke%2522:%2522Glen%2BMoray%2522%257D">
                                    Glen Moray (5)
                                </option>
                                <option value="./alle-whiskies?ft=%257B%2522facet_marke%2522:%2522Glen%2BOrd%2522%257D">
                                    Glen Ord (1)
                                </option>
                                <option value="./alle-whiskies?ft=%257B%2522facet_marke%2522:%2522Glen%2BScotia%2522%257D">
                                    Glen Scotia (5)
                                </option>
                                <option value="./alle-whiskies?ft=%257B%2522facet_marke%2522:%2522Glen%2BSpey%2522%257D">
                                    Glen Spey (1)
                                </option>
                                <option value="./alle-whiskies?ft=%257B%2522facet_marke%2522:%2522Glenburgie%2522%257D">
                                    Glenburgie (2)
                                </option>
                                <option value="./alle-whiskies?ft=%257B%2522facet_marke%2522:%2522Glencadam%2522%257D">
                                    Glencadam (4)
                                </option>
                                <option value="./alle-whiskies?ft=%257B%2522facet_marke%2522:%2522Glendalough%2522%257D">
                                    Glendalough (5)
                                </option>
                                <option value="./alle-whiskies?ft=%257B%2522facet_marke%2522:%2522Glendronach%2522%257D">
                                    Glendronach (9)
                                </option>
                                <option value="./alle-whiskies?ft=%257B%2522facet_marke%2522:%2522Glendullan%2522%257D">
                                    Glendullan (3)
                                </option>
                                <option value="./alle-whiskies?ft=%257B%2522facet_marke%2522:%2522Glenfarclas%2522%257D">
                                    Glenfarclas (35)
                                </option>
                                <option value="./alle-whiskies?ft=%257B%2522facet_marke%2522:%2522Glenfiddich%2522%257D">
                                    Glenfiddich (11)
                                </option>
                                <option value="./alle-whiskies?ft=%257B%2522facet_marke%2522:%2522Glenglassaugh%2522%257D">
                                    Glenglassaugh (6)
                                </option>
                                <option value="./alle-whiskies?ft=%257B%2522facet_marke%2522:%2522Glengoyne%2522%257D">
                                    Glengoyne (4)
                                </option>
                                <option value="./alle-whiskies?ft=%257B%2522facet_marke%2522:%2522Glenkenny%2522%257D">
                                    Glenkenny (1)
                                </option>
                                <option value="./alle-whiskies?ft=%257B%2522facet_marke%2522:%2522Glenkinchie%2522%257D">
                                    Glenkinchie (3)
                                </option>
                                <option value="./alle-whiskies?ft=%257B%2522facet_marke%2522:%2522Glenlivet%2522%257D">
                                    Glenlivet (10)
                                </option>
                                <option value="./alle-whiskies?ft=%257B%2522facet_marke%2522:%2522Glenlossie%2522%257D">
                                    Glenlossie (1)
                                </option>
                                <option value="./alle-whiskies?ft=%257B%2522facet_marke%2522:%2522Glenmorangie%2522%257D">
                                    Glenmorangie (25)
                                </option>
                                <option value="./alle-whiskies?ft=%257B%2522facet_marke%2522:%2522Glenrothes%2522%257D">
                                    Glenrothes (15)
                                </option>
                                <option value="./alle-whiskies?ft=%257B%2522facet_marke%2522:%2522Glentauchers%2522%257D">
                                    Glentauchers (1)
                                </option>
                                <option value="./alle-whiskies?ft=%257B%2522facet_marke%2522:%2522Glenturret%2522%257D">
                                    Glenturret (1)
                                </option>
                                <option value="./alle-whiskies?ft=%257B%2522facet_marke%2522:%2522Gordon%2B%2526%2BMacPhail%2522%257D">
                                    Gordon &amp; MacPhail (1)
                                </option>
                                <option value="./alle-whiskies?ft=%257B%2522facet_marke%2522:%2522Grant%2527s%2522%257D">
                                    Grant's (2)
                                </option>
                                <option value="./alle-whiskies?ft=%257B%2522facet_marke%2522:%2522Green%2BSpot%2522%257D">
                                    Green Spot (1)
                                </option>
                                <option value="./alle-whiskies?ft=%257B%2522facet_marke%2522:%2522Hammer%2BHead%2522%257D">
                                    Hammer Head (1)
                                </option>
                                <option value="./alle-whiskies?ft=%257B%2522facet_marke%2522:%2522Hammerfall%2522%257D">
                                    Hammerfall (1)
                                </option>
                                <option value="./alle-whiskies?ft=%257B%2522facet_marke%2522:%2522Hazelburn%2522%257D">
                                    Hazelburn (3)
                                </option>
                                <option value="./alle-whiskies?ft=%257B%2522facet_marke%2522:%2522Heathland%2BWhisky%2522%257D">
                                    Heathland Whisky (1)
                                </option>
                                <option value="./alle-whiskies?ft=%257B%2522facet_marke%2522:%2522Heaven%2BHill%2522%257D">
                                    Heaven Hill (1)
                                </option>
                                <option value="./alle-whiskies?ft=%257B%2522facet_marke%2522:%2522Highland%2BPark%2522%257D">
                                    Highland Park (15)
                                </option>
                                <option value="./alle-whiskies?ft=%257B%2522facet_marke%2522:%2522Highland%2BQueen%2522%257D">
                                    Highland Queen (1)
                                </option>
                                <option value="./alle-whiskies?ft=%257B%2522facet_marke%2522:%2522Hirsch%2522%257D">
                                    Hirsch (1)
                                </option>
                                <option value="./alle-whiskies?ft=%257B%2522facet_marke%2522:%2522House%2Bof%2BLords%2522%257D">
                                    House of Lords (1)
                                </option>
                                <option value="./alle-whiskies?ft=%257B%2522facet_marke%2522:%2522Hudson%2522%257D">
                                    Hudson (2)
                                </option>
                                <option value="./alle-whiskies?ft=%257B%2522facet_marke%2522:%2522Ian%2BMacleod%2522%257D">
                                    Ian Macleod (13)
                                </option>
                                <option value="./alle-whiskies?ft=%257B%2522facet_marke%2522:%2522Imperial%2522%257D">
                                    Imperial (1)
                                </option>
                                <option value="./alle-whiskies?ft=%257B%2522facet_marke%2522:%2522Inchgower%2522%257D">
                                    Inchgower (1)
                                </option>
                                <option value="./alle-whiskies?ft=%257B%2522facet_marke%2522:%2522Inchmurrin%2522%257D">
                                    Inchmurrin (1)
                                </option>
                                <option value="./alle-whiskies?ft=%257B%2522facet_marke%2522:%2522Invergordon%2522%257D">
                                    Invergordon (1)
                                </option>
                                <option value="./alle-whiskies?ft=%257B%2522facet_marke%2522:%2522Isle%2Bof%2BArran%2522%257D">
                                    Isle of Arran (14)
                                </option>
                                <option value="./alle-whiskies?ft=%257B%2522facet_marke%2522:%2522Isle%2Bof%2BJura%2522%257D">
                                    Isle of Jura (11)
                                </option>
                                <option value="./alle-whiskies?ft=%257B%2522facet_marke%2522:%2522J%2526B%2522%257D">J&amp;B
                                    (2)
                                </option>
                                <option value="./alle-whiskies?ft=%257B%2522facet_marke%2522:%2522J.P.Wiser%2560s%2522%257D">
                                    J.P.Wiser`s (2)
                                </option>
                                <option value="./alle-whiskies?ft=%257B%2522facet_marke%2522:%2522Jack%2BDaniels%2522%257D">
                                    Jack Daniels (5)
                                </option>
                                <option value="./alle-whiskies?ft=%257B%2522facet_marke%2522:%2522Jameson%2522%257D">
                                    Jameson (9)
                                </option>
                                <option value="./alle-whiskies?ft=%257B%2522facet_marke%2522:%2522Jefferson%2560s%2522%257D">
                                    Jefferson`s (1)
                                </option>
                                <option value="./alle-whiskies?ft=%257B%2522facet_marke%2522:%2522Jim%2BBeam%2522%257D">
                                    Jim Beam (7)
                                </option>
                                <option value="./alle-whiskies?ft=%257B%2522facet_marke%2522:%2522Johnnie%2BWalker%2522%257D">
                                    Johnnie Walker (16)
                                </option>
                                <option value="./alle-whiskies?ft=%257B%2522facet_marke%2522:%2522Johnny%2BDrum%2522%257D">
                                    Johnny Drum (1)
                                </option>
                                <option value="./alle-whiskies?ft=%257B%2522facet_marke%2522:%2522Joshua%2BBrook%2522%257D">
                                    Joshua Brook (1)
                                </option>
                                <option value="./alle-whiskies?ft=%257B%2522facet_marke%2522:%2522Journeyman%2522%257D">
                                    Journeyman (3)
                                </option>
                                <option value="./alle-whiskies?ft=%257B%2522facet_marke%2522:%2522Kavalan%2522%257D">
                                    Kavalan (3)
                                </option>
                                <option value="./alle-whiskies?ft=%257B%2522facet_marke%2522:%2522Kentucky%2BVintage%2522%257D">
                                    Kentucky Vintage (1)
                                </option>
                                <option value="./alle-whiskies?ft=%257B%2522facet_marke%2522:%2522Kilbeggan%2522%257D">
                                    Kilbeggan (2)
                                </option>
                                <option value="./alle-whiskies?ft=%257B%2522facet_marke%2522:%2522Kilchoman%2522%257D">
                                    Kilchoman (12)
                                </option>
                                <option value="./alle-whiskies?ft=%257B%2522facet_marke%2522:%2522Kininvie%2522%257D">
                                    Kininvie (1)
                                </option>
                                <option value="./alle-whiskies?ft=%257B%2522facet_marke%2522:%2522Knappogue%2522%257D">
                                    Knappogue (4)
                                </option>
                                <option value="./alle-whiskies?ft=%257B%2522facet_marke%2522:%2522Knob%2BCreek%2522%257D">
                                    Knob Creek (3)
                                </option>
                                <option value="./alle-whiskies?ft=%257B%2522facet_marke%2522:%2522Knockando%2522%257D">
                                    Knockando (4)
                                </option>
                                <option value="./alle-whiskies?ft=%257B%2522facet_marke%2522:%2522Koval%2522%257D">Koval
                                    (4)
                                </option>
                                <option value="./alle-whiskies?ft=%257B%2522facet_marke%2522:%2522Label%2B5%2522%257D">
                                    Label 5 (1)
                                </option>
                                <option value="./alle-whiskies?ft=%257B%2522facet_marke%2522:%2522Ladyburn%2522%257D">
                                    Ladyburn (1)
                                </option>
                                <option value="./alle-whiskies?ft=%257B%2522facet_marke%2522:%2522Lagavulin%2522%257D">
                                    Lagavulin (4)
                                </option>
                                <option value="./alle-whiskies?ft=%257B%2522facet_marke%2522:%2522Laphroaig%2522%257D">
                                    Laphroaig (9)
                                </option>
                                <option value="./alle-whiskies?ft=%257B%2522facet_marke%2522:%2522Larceny%2522%257D">
                                    Larceny (1)
                                </option>
                                <option value="./alle-whiskies?ft=%257B%2522facet_marke%2522:%2522Ledaig%2522%257D">
                                    Ledaig (6)
                                </option>
                                <option value="./alle-whiskies?ft=%257B%2522facet_marke%2522:%2522Linkwood%2522%257D">
                                    Linkwood (5)
                                </option>
                                <option value="./alle-whiskies?ft=%257B%2522facet_marke%2522:%2522Loch%2BLomond%2522%257D">
                                    Loch Lomond (5)
                                </option>
                                <option value="./alle-whiskies?ft=%257B%2522facet_marke%2522:%2522Locke%2560s%2522%257D">
                                    Locke`s (2)
                                </option>
                                <option value="./alle-whiskies?ft=%257B%2522facet_marke%2522:%2522Lombard%2522%257D">
                                    Lombard (1)
                                </option>
                                <option value="./alle-whiskies?ft=%257B%2522facet_marke%2522:%2522Longrow%2522%257D">
                                    Longrow (2)
                                </option>
                                <option value="./alle-whiskies?ft=%257B%2522facet_marke%2522:%2522Lot%2BNo.%2B40%2522%257D">
                                    Lot No. 40 (1)
                                </option>
                                <option value="./alle-whiskies?ft=%257B%2522facet_marke%2522:%2522Macallan%2522%257D">
                                    Macallan (7)
                                </option>
                                <option value="./alle-whiskies?ft=%257B%2522facet_marke%2522:%2522Mackmyra%2522%257D">
                                    Mackmyra (21)
                                </option>
                                <option value="./alle-whiskies?ft=%257B%2522facet_marke%2522:%2522Maker%2560s%2BMark%2522%257D">
                                    Maker`s Mark (1)
                                </option>
                                <option value="./alle-whiskies?ft=%257B%2522facet_marke%2522:%2522Mannochmore%2522%257D">
                                    Mannochmore (1)
                                </option>
                                <option value="./alle-whiskies?ft=%257B%2522facet_marke%2522:%2522Mc%2BGuinness%2522%257D">
                                    Mc Guinness (1)
                                </option>
                                <option value="./alle-whiskies?ft=%257B%2522facet_marke%2522:%2522Mellow%2522%257D">
                                    Mellow (1)
                                </option>
                                <option value="./alle-whiskies?ft=%257B%2522facet_marke%2522:%2522Michter%2560s%2522%257D">
                                    Michter`s (2)
                                </option>
                                <option value="./alle-whiskies?ft=%257B%2522facet_marke%2522:%2522Midleton%2522%257D">
                                    Midleton (1)
                                </option>
                                <option value="./alle-whiskies?ft=%257B%2522facet_marke%2522:%2522Miltonduff%2522%257D">
                                    Miltonduff (2)
                                </option>
                                <option value="./alle-whiskies?ft=%257B%2522facet_marke%2522:%2522Monkey%2BShoulder%2522%257D">
                                    Monkey Shoulder (1)
                                </option>
                                <option value="./alle-whiskies?ft=%257B%2522facet_marke%2522:%2522Mortlach%2522%257D">
                                    Mortlach (3)
                                </option>
                                <option value="./alle-whiskies?ft=%257B%2522facet_marke%2522:%2522Mosstowie%2522%257D">
                                    Mosstowie (1)
                                </option>
                                <option value="./alle-whiskies?ft=%257B%2522facet_marke%2522:%2522Muirheads%2522%257D">
                                    Muirheads (5)
                                </option>
                                <option value="./alle-whiskies?ft=%257B%2522facet_marke%2522:%2522Nikka%2522%257D">Nikka
                                    (11)
                                </option>
                                <option value="./alle-whiskies?ft=%257B%2522facet_marke%2522:%2522Noah%2527s%2BMill%2522%257D">
                                    Noah's Mill (1)
                                </option>
                                <option value="./alle-whiskies?ft=%257B%2522facet_marke%2522:%2522North%2Bof%2BScotland%2522%257D">
                                    North of Scotland (1)
                                </option>
                                <option value="./alle-whiskies?ft=%257B%2522facet_marke%2522:%2522Oban%2522%257D">Oban
                                    (3)
                                </option>
                                <option value="./alle-whiskies?ft=%257B%2522facet_marke%2522:%2522Old%2BBardstown%2522%257D">
                                    Old Bardstown (2)
                                </option>
                                <option value="./alle-whiskies?ft=%257B%2522facet_marke%2522:%2522Old%2BFettercairn%2522%257D">
                                    Old Fettercairn (2)
                                </option>
                                <option value="./alle-whiskies?ft=%257B%2522facet_marke%2522:%2522Old%2BGrand%2BDad%2522%257D">
                                    Old Grand Dad (1)
                                </option>
                                <option value="./alle-whiskies?ft=%257B%2522facet_marke%2522:%2522Old%2BOverholt%2522%257D">
                                    Old Overholt (1)
                                </option>
                                <option value="./alle-whiskies?ft=%257B%2522facet_marke%2522:%2522Old%2BPulteney%2522%257D">
                                    Old Pulteney (8)
                                </option>
                                <option value="./alle-whiskies?ft=%257B%2522facet_marke%2522:%2522Old%2BSmuggler%2522%257D">
                                    Old Smuggler (1)
                                </option>
                                <option value="./alle-whiskies?ft=%257B%2522facet_marke%2522:%2522Old%2BSt.%2BAndrews%2522%257D">
                                    Old St. Andrews (2)
                                </option>
                                <option value="./alle-whiskies?ft=%257B%2522facet_marke%2522:%2522Ole%2BSmoky%2522%257D">
                                    Ole Smoky (3)
                                </option>
                                <option value="./alle-whiskies?ft=%257B%2522facet_marke%2522:%2522Pabst%2B%2526%2BRicharz%2522%257D">
                                    Pabst &amp; Richarz (1)
                                </option>
                                <option value="./alle-whiskies?ft=%257B%2522facet_marke%2522:%2522Paddy%2522%257D">Paddy
                                    (2)
                                </option>
                                <option value="./alle-whiskies?ft=%257B%2522facet_marke%2522:%2522Passport%2522%257D">
                                    Passport (1)
                                </option>
                                <option value="./alle-whiskies?ft=%257B%2522facet_marke%2522:%2522Paul%2BJohn%2522%257D">
                                    Paul John (3)
                                </option>
                                <option value="./alle-whiskies?ft=%257B%2522facet_marke%2522:%2522Peat%2560s%2BBeast%2BLtd.%2522%257D">
                                    Peat`s Beast Ltd. (4)
                                </option>
                                <option value="./alle-whiskies?ft=%257B%2522facet_marke%2522:%2522Penny%2BPacker%2522%257D">
                                    Penny Packer (1)
                                </option>
                                <option value="./alle-whiskies?ft=%257B%2522facet_marke%2522:%2522Pig%2560s%2BNose%2522%257D">
                                    Pig`s Nose (1)
                                </option>
                                <option value="./alle-whiskies?ft=%257B%2522facet_marke%2522:%2522Pike%2BCreek%2522%257D">
                                    Pike Creek (1)
                                </option>
                                <option value="./alle-whiskies?ft=%257B%2522facet_marke%2522:%2522Pikesville%2522%257D">
                                    Pikesville (1)
                                </option>
                                <option value="./alle-whiskies?ft=%257B%2522facet_marke%2522:%2522Platte%2BValley%2522%257D">
                                    Platte Valley (2)
                                </option>
                                <option value="./alle-whiskies?ft=%257B%2522facet_marke%2522:%2522Poit%2BDhubh%2522%257D">
                                    Poit Dhubh (5)
                                </option>
                                <option value="./alle-whiskies?ft=%257B%2522facet_marke%2522:%2522Port%2BAskaig%2522%257D">
                                    Port Askaig (2)
                                </option>
                                <option value="./alle-whiskies?ft=%257B%2522facet_marke%2522:%2522Powers%2522%257D">
                                    Powers (2)
                                </option>
                                <option value="./alle-whiskies?ft=%257B%2522facet_marke%2522:%2522Praban%2BNa%2BLinne%2522%257D">
                                    Praban Na Linne (4)
                                </option>
                                <option value="./alle-whiskies?ft=%257B%2522facet_marke%2522:%2522Pure%2BKentucky%2522%257D">
                                    Pure Kentucky (1)
                                </option>
                                <option value="./alle-whiskies?ft=%257B%2522facet_marke%2522:%2522Rebel%2BYell%2522%257D">
                                    Rebel Yell (2)
                                </option>
                                <option value="./alle-whiskies?ft=%257B%2522facet_marke%2522:%2522Redbreast%2522%257D">
                                    Redbreast (3)
                                </option>
                                <option value="./alle-whiskies?ft=%257B%2522facet_marke%2522:%2522Rittenhouse%2522%257D">
                                    Rittenhouse (1)
                                </option>
                                <option value="./alle-whiskies?ft=%257B%2522facet_marke%2522:%2522Riverboat%2522%257D">
                                    Riverboat (1)
                                </option>
                                <option value="./alle-whiskies?ft=%257B%2522facet_marke%2522:%2522Roe%2526Co%2522%257D">
                                    Roe&amp;Co (1)
                                </option>
                                <option value="./alle-whiskies?ft=%257B%2522facet_marke%2522:%2522Rowan%2527s%2BCreek%2522%257D">
                                    Rowan's Creek (1)
                                </option>
                                <option value="./alle-whiskies?ft=%257B%2522facet_marke%2522:%2522Royal%2BBrackla%2522%257D">
                                    Royal Brackla (1)
                                </option>
                                <option value="./alle-whiskies?ft=%257B%2522facet_marke%2522:%2522Royal%2BLochnagar%2522%257D">
                                    Royal Lochnagar (1)
                                </option>
                                <option value="./alle-whiskies?ft=%257B%2522facet_marke%2522:%2522Rozelieures%2522%257D">
                                    Rozelieures (2)
                                </option>
                                <option value="./alle-whiskies?ft=%257B%2522facet_marke%2522:%2522Scapa%2522%257D">Scapa
                                    (2)
                                </option>
                                <option value="./alle-whiskies?ft=%257B%2522facet_marke%2522:%2522Seagram%2560s%2522%257D">
                                    Seagram`s (1)
                                </option>
                                <option value="./alle-whiskies?ft=%257B%2522facet_marke%2522:%2522Seamrog%2522%257D">
                                    Seamrog (1)
                                </option>
                                <option value="./alle-whiskies?ft=%257B%2522facet_marke%2522:%2522Sheep%2BDip%2522%257D">
                                    Sheep Dip (2)
                                </option>
                                <option value="./alle-whiskies?ft=%257B%2522facet_marke%2522:%2522Slyrs%2522%257D">Slyrs
                                    (13)
                                </option>
                                <option value="./alle-whiskies?ft=%257B%2522facet_marke%2522:%2522Snake%2BRiver%2BStampede%2522%257D">
                                    Snake River Stampede (1)
                                </option>
                                <option value="./alle-whiskies?ft=%257B%2522facet_marke%2522:%2522Something%2BSpecial%2522%257D">
                                    Something Special (1)
                                </option>
                                <option value="./alle-whiskies?ft=%257B%2522facet_marke%2522:%2522Spey%2B%2528The%2BSpeyside%2529%2522%257D">
                                    Spey (The Speyside) (2)
                                </option>
                                <option value="./alle-whiskies?ft=%257B%2522facet_marke%2522:%2522Speyburn%2522%257D">
                                    Speyburn (7)
                                </option>
                                <option value="./alle-whiskies?ft=%257B%2522facet_marke%2522:%2522Spirit%2B%2526%2BCask%2BRange%2522%257D">
                                    Spirit &amp; Cask Range (2)
                                </option>
                                <option value="./alle-whiskies?ft=%257B%2522facet_marke%2522:%2522Springbank%2522%257D">
                                    Springbank (6)
                                </option>
                                <option value="./alle-whiskies?ft=%257B%2522facet_marke%2522:%2522Stillbrook%2522%257D">
                                    Stillbrook (1)
                                </option>
                                <option value="./alle-whiskies?ft=%257B%2522facet_marke%2522:%2522Strathisla%2522%257D">
                                    Strathisla (2)
                                </option>
                                <option value="./alle-whiskies?ft=%257B%2522facet_marke%2522:%2522Strathmill%2522%257D">
                                    Strathmill (2)
                                </option>
                                <option value="./alle-whiskies?ft=%257B%2522facet_marke%2522:%2522Sweden%2BRock%2522%257D">
                                    Sweden Rock (1)
                                </option>
                                <option value="./alle-whiskies?ft=%257B%2522facet_marke%2522:%2522Talisker%2522%257D">
                                    Talisker (13)
                                </option>
                                <option value="./alle-whiskies?ft=%257B%2522facet_marke%2522:%2522Tamdhu%2522%257D">
                                    Tamdhu (2)
                                </option>
                                <option value="./alle-whiskies?ft=%257B%2522facet_marke%2522:%2522Teacher%2527s%2522%257D">
                                    Teacher's (1)
                                </option>
                                <option value="./alle-whiskies?ft=%257B%2522facet_marke%2522:%2522Teaninich%2522%257D">
                                    Teaninich (1)
                                </option>
                                <option value="./alle-whiskies?ft=%257B%2522facet_marke%2522:%2522Teeling%2522%257D">
                                    Teeling (6)
                                </option>
                                <option value="./alle-whiskies?ft=%257B%2522facet_marke%2522:%2522The%2BAntiquary%2522%257D">
                                    The Antiquary (3)
                                </option>
                                <option value="./alle-whiskies?ft=%257B%2522facet_marke%2522:%2522The%2BDublin%2BLiberties%2522%257D">
                                    The Dublin Liberties (2)
                                </option>
                                <option value="./alle-whiskies?ft=%257B%2522facet_marke%2522:%2522The%2BFeathery%2522%257D">
                                    The Feathery (1)
                                </option>
                                <option value="./alle-whiskies?ft=%257B%2522facet_marke%2522:%2522The%2BIleach%2522%257D">
                                    The Ileach (2)
                                </option>
                                <option value="./alle-whiskies?ft=%257B%2522facet_marke%2522:%2522The%2BIrishman%2522%257D">
                                    The Irishman (2)
                                </option>
                                <option value="./alle-whiskies?ft=%257B%2522facet_marke%2522:%2522The%2BKing%2Bof%2BScots%2522%257D">
                                    The King of Scots (1)
                                </option>
                                <option value="./alle-whiskies?ft=%257B%2522facet_marke%2522:%2522The%2BQuiet%2BMan%2522%257D">
                                    The Quiet Man (5)
                                </option>
                                <option value="./alle-whiskies?ft=%257B%2522facet_marke%2522:%2522The%2BSix%2BIsles%2522%257D">
                                    The Six Isles (2)
                                </option>
                                <option value="./alle-whiskies?ft=%257B%2522facet_marke%2522:%2522The%2BTyrconnell%2522%257D">
                                    The Tyrconnell (5)
                                </option>
                                <option value="./alle-whiskies?ft=%257B%2522facet_marke%2522:%2522The%2BWild%2BGeese%2522%257D">
                                    The Wild Geese (4)
                                </option>
                                <option value="./alle-whiskies?ft=%257B%2522facet_marke%2522:%2522Tobermory%2522%257D">
                                    Tobermory (4)
                                </option>
                                <option value="./alle-whiskies?ft=%257B%2522facet_marke%2522:%2522Togouchi%2522%257D">
                                    Togouchi (2)
                                </option>
                                <option value="./alle-whiskies?ft=%257B%2522facet_marke%2522:%2522Tokinoka%2522%257D">
                                    Tokinoka (1)
                                </option>
                                <option value="./alle-whiskies?ft=%257B%2522facet_marke%2522:%2522Tomatin%2522%257D">
                                    Tomatin (8)
                                </option>
                                <option value="./alle-whiskies?ft=%257B%2522facet_marke%2522:%2522Tomintoul%2522%257D">
                                    Tomintoul (15)
                                </option>
                                <option value="./alle-whiskies?ft=%257B%2522facet_marke%2522:%2522Tormore%2522%257D">
                                    Tormore (2)
                                </option>
                                <option value="./alle-whiskies?ft=%257B%2522facet_marke%2522:%2522Tullamore%2BDew%2522%257D">
                                    Tullamore Dew (7)
                                </option>
                                <option value="./alle-whiskies?ft=%257B%2522facet_marke%2522:%2522Tullibardine%2522%257D">
                                    Tullibardine (8)
                                </option>
                                <option value="./alle-whiskies?ft=%257B%2522facet_marke%2522:%2522Vat%2B69%2522%257D">
                                    Vat 69 (1)
                                </option>
                                <option value="./alle-whiskies?ft=%257B%2522facet_marke%2522:%2522W.L.%2BWeller%2522%257D">
                                    W.L. Weller (2)
                                </option>
                                <option value="./alle-whiskies?ft=%257B%2522facet_marke%2522:%2522Wambrechies%2522%257D">
                                    Wambrechies (2)
                                </option>
                                <option value="./alle-whiskies?ft=%257B%2522facet_marke%2522:%2522West%2BCork%2522%257D">
                                    West Cork (4)
                                </option>
                                <option value="./alle-whiskies?ft=%257B%2522facet_marke%2522:%2522Whiskey%2BUnion%2522%257D">
                                    Whiskey Union (2)
                                </option>
                                <option value="./alle-whiskies?ft=%257B%2522facet_marke%2522:%2522White%2BHorse%2522%257D">
                                    White Horse (1)
                                </option>
                                <option value="./alle-whiskies?ft=%257B%2522facet_marke%2522:%2522Whyte%2B%2526%2BMackay%2522%257D">
                                    Whyte &amp; Mackay (2)
                                </option>
                                <option value="./alle-whiskies?ft=%257B%2522facet_marke%2522:%2522Wild%2BTurkey%2522%257D">
                                    Wild Turkey (4)
                                </option>
                                <option value="./alle-whiskies?ft=%257B%2522facet_marke%2522:%2522Willett%2522%257D">
                                    Willett (2)
                                </option>
                                <option value="./alle-whiskies?ft=%257B%2522facet_marke%2522:%2522William%2BLawson%2522%257D">
                                    William Lawson (1)
                                </option>
                                <option value="./alle-whiskies?ft=%257B%2522facet_marke%2522:%2522Wolfburn%2522%257D">
                                    Wolfburn (4)
                                </option>
                                <option value="./alle-whiskies?ft=%257B%2522facet_marke%2522:%2522Wood%2560s%2522%257D">
                                    Wood`s (1)
                                </option>
                                <option value="./alle-whiskies?ft=%257B%2522facet_marke%2522:%2522Woodford%2522%257D">
                                    Woodford (4)
                                </option>
                                <option value="./alle-whiskies?ft=%257B%2522facet_marke%2522:%2522Writer%2560s%2BTears%2522%257D">
                                    Writer`s Tears (2)
                                </option>
                                <option value="./alle-whiskies?ft=%257B%2522facet_marke%2522:%2522Zuidam%2522%257D">
                                    Zuidam (1)
                                </option>
                                <option value="./alle-whiskies?ft=%257B%2522facet_marke%2522:%2522an%2BCnoc%2522%257D">
                                    an Cnoc (4)
                                </option>
                                <option value="./alle-whiskies?ft=%257B%2522facet_marke%2522:%2522foobaa.de%2522%257D">
                                    foobaa.de (2)
                                </option>
                            </select>


                            <select onchange="(this.options[this.selectedIndex].value!='null') ? window.location.href=this.options[this.selectedIndex].value : '';">
                                <option selected="selected" value="">Inhalt</option>
                                <option value="./alle-whiskies?ft=%257B%2522facet_inhalt%2522:%25220,050%2BLiter%2522%257D">
                                    0,050 Liter (129)
                                </option>
                                <option value="./alle-whiskies?ft=%257B%2522facet_inhalt%2522:%25220,10%2BLiter%2522%257D">
                                    0,10 Liter (9)
                                </option>
                                <option value="./alle-whiskies?ft=%257B%2522facet_inhalt%2522:%25220,150%2BLiter%2522%257D">
                                    0,150 Liter (11)
                                </option>
                                <option value="./alle-whiskies?ft=%257B%2522facet_inhalt%2522:%25220,160%2BLiter%2522%257D">
                                    0,160 Liter (1)
                                </option>
                                <option value="./alle-whiskies?ft=%257B%2522facet_inhalt%2522:%25220,20%2BLiter%2522%257D">
                                    0,20 Liter (19)
                                </option>
                                <option value="./alle-whiskies?ft=%257B%2522facet_inhalt%2522:%25220,30%2BLiter%2522%257D">
                                    0,30 Liter (2)
                                </option>
                                <option value="./alle-whiskies?ft=%257B%2522facet_inhalt%2522:%25220,350%2BLiter%2522%257D">
                                    0,350 Liter (8)
                                </option>
                                <option value="./alle-whiskies?ft=%257B%2522facet_inhalt%2522:%25220,40%2BLiter%2522%257D">
                                    0,40 Liter (2)
                                </option>
                                <option value="./alle-whiskies?ft=%257B%2522facet_inhalt%2522:%25220,50%2BLiter%2522%257D">
                                    0,50 Liter (22)
                                </option>
                                <option value="./alle-whiskies?ft=%257B%2522facet_inhalt%2522:%25220,60%2BLiter%2522%257D">
                                    0,60 Liter (3)
                                </option>
                                <option value="./alle-whiskies?ft=%257B%2522facet_inhalt%2522:%25220,70%2BLiter%2522%257D">
                                    0,70 Liter (670)
                                </option>
                                <option value="./alle-whiskies?ft=%257B%2522facet_inhalt%2522:%25220,750%2BLiter%2522%257D">
                                    0,750 Liter (2)
                                </option>
                                <option value="./alle-whiskies?ft=%257B%2522facet_inhalt%2522:%25220,80%2BLiter%2522%257D">
                                    0,80 Liter (2)
                                </option>
                                <option value="./alle-whiskies?ft=%257B%2522facet_inhalt%2522:%25221%2BLiter%2522%257D">
                                    1 Liter (86)
                                </option>
                                <option value="./alle-whiskies?ft=%257B%2522facet_inhalt%2522:%25221,050%2BLiter%2522%257D">
                                    1,050 Liter (1)
                                </option>
                                <option value="./alle-whiskies?ft=%257B%2522facet_inhalt%2522:%25221,150%2BLiter%2522%257D">
                                    1,150 Liter (1)
                                </option>
                                <option value="./alle-whiskies?ft=%257B%2522facet_inhalt%2522:%25221,30%2BLiter%2522%257D">
                                    1,30 Liter (1)
                                </option>
                                <option value="./alle-whiskies?ft=%257B%2522facet_inhalt%2522:%25221,40%2BLiter%2522%257D">
                                    1,40 Liter (2)
                                </option>
                                <option value="./alle-whiskies?ft=%257B%2522facet_inhalt%2522:%25222,10%2BLiter%2522%257D">
                                    2,10 Liter (5)
                                </option>
                                <option value="./alle-whiskies?ft=%257B%2522facet_inhalt%2522:%25223%2BLiter%2522%257D">
                                    3 Liter (1)
                                </option>
                                <option value="./alle-whiskies?ft=%257B%2522facet_inhalt%2522:%25224,20%2BLiter%2522%257D">
                                    4,20 Liter (1)
                                </option>
                                <option value="./alle-whiskies?ft=%257B%2522facet_inhalt%2522:%25225,650%2BLiter%2522%257D">
                                    5,650 Liter (1)
                                </option>
                            </select>


                            <select onchange="(this.options[this.selectedIndex].value!='null') ? window.location.href=this.options[this.selectedIndex].value : '';">
                                <option selected="selected" value="">Land</option>
                                <option value="./alle-whiskies?ft=%257B%2522facet_marke_land%2522:%2522Deutschland%2522%257D">
                                    Deutschland (14)
                                </option>
                                <option value="./alle-whiskies?ft=%257B%2522facet_marke_land%2522:%2522Frankreich%2522%257D">
                                    Frankreich (10)
                                </option>
                                <option value="./alle-whiskies?ft=%257B%2522facet_marke_land%2522:%2522Indien%2522%257D">
                                    Indien (6)
                                </option>
                                <option value="./alle-whiskies?ft=%257B%2522facet_marke_land%2522:%2522Irland%2522%257D">
                                    Irland (90)
                                </option>
                                <option value="./alle-whiskies?ft=%257B%2522facet_marke_land%2522:%2522Japan%2522%257D">
                                    Japan (16)
                                </option>
                                <option value="./alle-whiskies?ft=%257B%2522facet_marke_land%2522:%2522Kanada%2522%257D">
                                    Kanada (16)
                                </option>
                                <option value="./alle-whiskies?ft=%257B%2522facet_marke_land%2522:%2522Niederlande%2522%257D">
                                    Niederlande (1)
                                </option>
                                <option value="./alle-whiskies?ft=%257B%2522facet_marke_land%2522:%2522Schweden%2522%257D">
                                    Schweden (21)
                                </option>
                                <option value="./alle-whiskies?ft=%257B%2522facet_marke_land%2522:%2522S%25C3%25BCdafrika%2522%257D">
                                    Südafrika (1)
                                </option>
                                <option value="./alle-whiskies?ft=%257B%2522facet_marke_land%2522:%2522Taiwan%2522%257D">
                                    Taiwan (3)
                                </option>
                                <option value="./alle-whiskies?ft=%257B%2522facet_marke_land%2522:%2522Tschechien%2522%257D">
                                    Tschechien (1)
                                </option>
                                <option value="./alle-whiskies?ft=%257B%2522facet_marke_land%2522:%2522UK%2B%2528England%2529%2522%257D">
                                    UK (England) (2)
                                </option>
                                <option value="./alle-whiskies?ft=%257B%2522facet_marke_land%2522:%2522UK%2B%2528Schottland%2529%2522%257D">
                                    UK (Schottland) (681)
                                </option>
                                <option value="./alle-whiskies?ft=%257B%2522facet_marke_land%2522:%2522USA%2522%257D">
                                    USA (116)
                                </option>
                                <option value="./alle-whiskies?ft=%257B%2522facet_marke_land%2522:%2522%25C3%2596sterreich%2522%257D">
                                    Österreich (1)
                                </option>
                            </select>


                            <select onchange="(this.options[this.selectedIndex].value!='null') ? window.location.href=this.options[this.selectedIndex].value : '';">
                                <option selected="selected" value="">Region</option>
                                <option value="./alle-whiskies?ft=%257B%2522facet_marke_region%2522:%2522Alberta%2522%257D">
                                    Alberta (2)
                                </option>
                                <option value="./alle-whiskies?ft=%257B%2522facet_marke_region%2522:%2522Bayern%2522%257D">
                                    Bayern (13)
                                </option>
                                <option value="./alle-whiskies?ft=%257B%2522facet_marke_region%2522:%2522Bretagne%2522%257D">
                                    Bretagne (4)
                                </option>
                                <option value="./alle-whiskies?ft=%257B%2522facet_marke_region%2522:%2522Burgenland%2522%257D">
                                    Burgenland (1)
                                </option>
                                <option value="./alle-whiskies?ft=%257B%2522facet_marke_region%2522:%2522Chicago%2522%257D">
                                    Chicago (4)
                                </option>
                                <option value="./alle-whiskies?ft=%257B%2522facet_marke_region%2522:%2522Colorado%2522%257D">
                                    Colorado (1)
                                </option>
                                <option value="./alle-whiskies?ft=%257B%2522facet_marke_region%2522:%2522County%2BAntrim%2522%257D">
                                    County Antrim (8)
                                </option>
                                <option value="./alle-whiskies?ft=%257B%2522facet_marke_region%2522:%2522County%2BCork%2522%257D">
                                    County Cork (25)
                                </option>
                                <option value="./alle-whiskies?ft=%257B%2522facet_marke_region%2522:%2522County%2BDublin%2522%257D">
                                    County Dublin (5)
                                </option>
                                <option value="./alle-whiskies?ft=%257B%2522facet_marke_region%2522:%2522County%2BLouth%2522%257D">
                                    County Louth (2)
                                </option>
                                <option value="./alle-whiskies?ft=%257B%2522facet_marke_region%2522:%2522Dublin%2522%257D">
                                    Dublin (3)
                                </option>
                                <option value="./alle-whiskies?ft=%257B%2522facet_marke_region%2522:%2522Goa%2522%257D">
                                    Goa (3)
                                </option>
                                <option value="./alle-whiskies?ft=%257B%2522facet_marke_region%2522:%2522Greater%2BLondon%2522%257D">
                                    Greater London (1)
                                </option>
                                <option value="./alle-whiskies?ft=%257B%2522facet_marke_region%2522:%2522Hokkaido%2522%257D">
                                    Hokkaido (5)
                                </option>
                                <option value="./alle-whiskies?ft=%257B%2522facet_marke_region%2522:%2522Indiana%2522%257D">
                                    Indiana (1)
                                </option>
                                <option value="./alle-whiskies?ft=%257B%2522facet_marke_region%2522:%2522Kalifornien%2522%257D">
                                    Kalifornien (1)
                                </option>
                                <option value="./alle-whiskies?ft=%257B%2522facet_marke_region%2522:%2522Karnataka%2522%257D">
                                    Karnataka (3)
                                </option>
                                <option value="./alle-whiskies?ft=%257B%2522facet_marke_region%2522:%2522Kentucky%2522%257D">
                                    Kentucky (69)
                                </option>
                                <option value="./alle-whiskies?ft=%257B%2522facet_marke_region%2522:%2522Lothringen%2522%257D">
                                    Lothringen (2)
                                </option>
                                <option value="./alle-whiskies?ft=%257B%2522facet_marke_region%2522:%2522Manitoba%2522%257D">
                                    Manitoba (1)
                                </option>
                                <option value="./alle-whiskies?ft=%257B%2522facet_marke_region%2522:%2522Michigan%2522%257D">
                                    Michigan (3)
                                </option>
                                <option value="./alle-whiskies?ft=%257B%2522facet_marke_region%2522:%2522Missouri%2522%257D">
                                    Missouri (2)
                                </option>
                                <option value="./alle-whiskies?ft=%257B%2522facet_marke_region%2522:%2522Miyagi%2522%257D">
                                    Miyagi (1)
                                </option>
                                <option value="./alle-whiskies?ft=%257B%2522facet_marke_region%2522:%2522New%2BYork%2522%257D">
                                    New York (2)
                                </option>
                                <option value="./alle-whiskies?ft=%257B%2522facet_marke_region%2522:%2522Ohio%2522%257D">
                                    Ohio (6)
                                </option>
                                <option value="./alle-whiskies?ft=%257B%2522facet_marke_region%2522:%2522Ontario%2522%257D">
                                    Ontario (9)
                                </option>
                                <option value="./alle-whiskies?ft=%257B%2522facet_marke_region%2522:%2522Schottland%2B%2528Arran%2529%2522%257D">
                                    Schottland (Arran) (12)
                                </option>
                                <option value="./alle-whiskies?ft=%257B%2522facet_marke_region%2522:%2522Schottland%2B%2528Campbeltown%2529%2522%257D">
                                    Schottland (Campbeltown) (16)
                                </option>
                                <option value="./alle-whiskies?ft=%257B%2522facet_marke_region%2522:%2522Schottland%2B%2528Eastern%2BHighlands%2529%2522%257D">
                                    Schottland (Eastern Highlands) (26)
                                </option>
                                <option value="./alle-whiskies?ft=%257B%2522facet_marke_region%2522:%2522Schottland%2B%2528Highlands%2529%2522%257D">
                                    Schottland (Highlands) (9)
                                </option>
                                <option value="./alle-whiskies?ft=%257B%2522facet_marke_region%2522:%2522Schottland%2B%2528Islay%2529%2522%257D">
                                    Schottland (Islay) (111)
                                </option>
                                <option value="./alle-whiskies?ft=%257B%2522facet_marke_region%2522:%2522Schottland%2B%2528Jura%2529%2522%257D">
                                    Schottland (Jura) (11)
                                </option>
                                <option value="./alle-whiskies?ft=%257B%2522facet_marke_region%2522:%2522Schottland%2B%2528Lowlands%2529%2522%257D">
                                    Schottland (Lowlands) (33)
                                </option>
                                <option value="./alle-whiskies?ft=%257B%2522facet_marke_region%2522:%2522Schottland%2B%2528Midlands%2529%2522%257D">
                                    Schottland (Midlands) (13)
                                </option>
                                <option value="./alle-whiskies?ft=%257B%2522facet_marke_region%2522:%2522Schottland%2B%2528Mull%2529%2522%257D">
                                    Schottland (Mull) (10)
                                </option>
                                <option value="./alle-whiskies?ft=%257B%2522facet_marke_region%2522:%2522Schottland%2B%2528Northern%2BHighlands%2529%2522%257D">
                                    Schottland (Northern Highlands) (53)
                                </option>
                                <option value="./alle-whiskies?ft=%257B%2522facet_marke_region%2522:%2522Schottland%2B%2528Orkney%2529%2522%257D">
                                    Schottland (Orkney) (18)
                                </option>
                                <option value="./alle-whiskies?ft=%257B%2522facet_marke_region%2522:%2522Schottland%2B%2528Skye%2529%2522%257D">
                                    Schottland (Skye) (17)
                                </option>
                                <option value="./alle-whiskies?ft=%257B%2522facet_marke_region%2522:%2522Schottland%2B%2528Speyside%2529%2522%257D">
                                    Schottland (Speyside) (266)
                                </option>
                                <option value="./alle-whiskies?ft=%257B%2522facet_marke_region%2522:%2522Schottland%2B%2528Western%2BHighlands%2529%2522%257D">
                                    Schottland (Western Highlands) (13)
                                </option>
                                <option value="./alle-whiskies?ft=%257B%2522facet_marke_region%2522:%2522Tennessee%2522%257D">
                                    Tennessee (9)
                                </option>
                                <option value="./alle-whiskies?ft=%257B%2522facet_marke_region%2522:%2522Virginia%2522%257D">
                                    Virginia (3)
                                </option>
                                <option value="./alle-whiskies?ft=%257B%2522facet_marke_region%2522:%2522Washington%2522%257D">
                                    Washington (4)
                                </option>
                            </select>


                            <select onchange="(this.options[this.selectedIndex].value!='null') ? window.location.href=this.options[this.selectedIndex].value : '';">
                                <option selected="selected" value="">Destillationsjahr</option>
                                <option value="./alle-whiskies?ft=%257B%2522facet_destjahr%2522:%25221948%2522%257D">
                                    1948 (1)
                                </option>
                                <option value="./alle-whiskies?ft=%257B%2522facet_destjahr%2522:%25221966%2522%257D">
                                    1966 (1)
                                </option>
                                <option value="./alle-whiskies?ft=%257B%2522facet_destjahr%2522:%25221972%2522%257D">
                                    1972 (1)
                                </option>
                                <option value="./alle-whiskies?ft=%257B%2522facet_destjahr%2522:%25221973%2522%257D">
                                    1973 (1)
                                </option>
                                <option value="./alle-whiskies?ft=%257B%2522facet_destjahr%2522:%25221979%2522%257D">
                                    1979 (1)
                                </option>
                                <option value="./alle-whiskies?ft=%257B%2522facet_destjahr%2522:%25221987%2522%257D">
                                    1987 (1)
                                </option>
                                <option value="./alle-whiskies?ft=%257B%2522facet_destjahr%2522:%25221988%2522%257D">
                                    1988 (3)
                                </option>
                                <option value="./alle-whiskies?ft=%257B%2522facet_destjahr%2522:%25221989%2522%257D">
                                    1989 (2)
                                </option>
                                <option value="./alle-whiskies?ft=%257B%2522facet_destjahr%2522:%25221990%2522%257D">
                                    1990 (6)
                                </option>
                                <option value="./alle-whiskies?ft=%257B%2522facet_destjahr%2522:%25221991%2522%257D">
                                    1991 (5)
                                </option>
                                <option value="./alle-whiskies?ft=%257B%2522facet_destjahr%2522:%25221992%2522%257D">
                                    1992 (1)
                                </option>
                                <option value="./alle-whiskies?ft=%257B%2522facet_destjahr%2522:%25221993%2522%257D">
                                    1993 (1)
                                </option>
                                <option value="./alle-whiskies?ft=%257B%2522facet_destjahr%2522:%25221994%2522%257D">
                                    1994 (1)
                                </option>
                                <option value="./alle-whiskies?ft=%257B%2522facet_destjahr%2522:%25221995%2522%257D">
                                    1995 (7)
                                </option>
                                <option value="./alle-whiskies?ft=%257B%2522facet_destjahr%2522:%25221996%2522%257D">
                                    1996 (3)
                                </option>
                                <option value="./alle-whiskies?ft=%257B%2522facet_destjahr%2522:%25221997%2522%257D">
                                    1997 (8)
                                </option>
                                <option value="./alle-whiskies?ft=%257B%2522facet_destjahr%2522:%25221998%2522%257D">
                                    1998 (1)
                                </option>
                                <option value="./alle-whiskies?ft=%257B%2522facet_destjahr%2522:%25221999%2522%257D">
                                    1999 (1)
                                </option>
                                <option value="./alle-whiskies?ft=%257B%2522facet_destjahr%2522:%25222000%2522%257D">
                                    2000 (4)
                                </option>
                                <option value="./alle-whiskies?ft=%257B%2522facet_destjahr%2522:%25222001%2522%257D">
                                    2001 (4)
                                </option>
                                <option value="./alle-whiskies?ft=%257B%2522facet_destjahr%2522:%25222002%2522%257D">
                                    2002 (1)
                                </option>
                                <option value="./alle-whiskies?ft=%257B%2522facet_destjahr%2522:%25222003%2522%257D">
                                    2003 (3)
                                </option>
                                <option value="./alle-whiskies?ft=%257B%2522facet_destjahr%2522:%25222004%2522%257D">
                                    2004 (3)
                                </option>
                                <option value="./alle-whiskies?ft=%257B%2522facet_destjahr%2522:%25222005%2522%257D">
                                    2005 (6)
                                </option>
                                <option value="./alle-whiskies?ft=%257B%2522facet_destjahr%2522:%25222006%2522%257D">
                                    2006 (4)
                                </option>
                                <option value="./alle-whiskies?ft=%257B%2522facet_destjahr%2522:%25222007%2522%257D">
                                    2007 (3)
                                </option>
                                <option value="./alle-whiskies?ft=%257B%2522facet_destjahr%2522:%25222008%2522%257D">
                                    2008 (10)
                                </option>
                                <option value="./alle-whiskies?ft=%257B%2522facet_destjahr%2522:%25222009%2522%257D">
                                    2009 (4)
                                </option>
                                <option value="./alle-whiskies?ft=%257B%2522facet_destjahr%2522:%25222010%2522%257D">
                                    2010 (4)
                                </option>
                                <option value="./alle-whiskies?ft=%257B%2522facet_destjahr%2522:%25222013%2522%257D">
                                    2013 (1)
                                </option>
                                <option value="./alle-whiskies?ft=%257B%2522facet_destjahr%2522:%25222014%2522%257D">
                                    2014 (1)
                                </option>
                            </select>


                            <select onchange="(this.options[this.selectedIndex].value!='null') ? window.location.href=this.options[this.selectedIndex].value : '';">
                                <option selected="selected" value="">Abfüller</option>
                                <option value="./alle-whiskies?ft=%257B%2522facet_abfueller%2522:%2522%2BDouglas%2BLaing%2522%257D">
                                    Douglas Laing (1)
                                </option>
                                <option value="./alle-whiskies?ft=%257B%2522facet_abfueller%2522:%2522%2BDun%2BBheagan%2522%257D">
                                    Dun Bheagan (3)
                                </option>
                                <option value="./alle-whiskies?ft=%257B%2522facet_abfueller%2522:%2522%2BGordon%2B%2526amp%253B%2BCompany%2522%257D">
                                    Gordon &amp; Company (1)
                                </option>
                                <option value="./alle-whiskies?ft=%257B%2522facet_abfueller%2522:%2522%2BGordon%2B%2526amp%253B%2BMacPhail%2522%257D">
                                    Gordon &amp; MacPhail (23)
                                </option>
                                <option value="./alle-whiskies?ft=%257B%2522facet_abfueller%2522:%2522%2BIan%2BMacleod%2560s%2522%257D">
                                    Ian Macleod`s (13)
                                </option>
                                <option value="./alle-whiskies?ft=%257B%2522facet_abfueller%2522:%2522%2BLombard%2522%257D">
                                    Lombard (1)
                                </option>
                                <option value="./alle-whiskies?ft=%257B%2522facet_abfueller%2522:%2522%2BMuirheads%2522%257D">
                                    Muirheads (3)
                                </option>
                                <option value="./alle-whiskies?ft=%257B%2522facet_abfueller%2522:%2522%2BScotch%2BWhisky%2BCompany%2522%257D">
                                    Scotch Whisky Company (2)
                                </option>
                                <option value="./alle-whiskies?ft=%257B%2522facet_abfueller%2522:%2522%2BSignatory%2522%257D">
                                    Signatory (10)
                                </option>
                                <option value="./alle-whiskies?ft=%257B%2522facet_abfueller%2522:%2522%2BSpirit%2B%2526amp%253B%2BCask%2BRange%2522%257D">
                                    Spirit &amp; Cask Range (2)
                                </option>
                                <option value="./alle-whiskies?ft=%257B%2522facet_abfueller%2522:%2522%2BThe%2BUltimate%2522%257D">
                                    The Ultimate (18)
                                </option>
                                <option value="./alle-whiskies?ft=%257B%2522facet_abfueller%2522:%2522%2BVintage%2BMalt%2BWhisky%2BCo.%2522%257D">
                                    Vintage Malt Whisky Co. (5)
                                </option>
                                <option value="./alle-whiskies?ft=%257B%2522facet_abfueller%2522:%2522Original%2522%257D">
                                    Original (894)
                                </option>
                            </select>


                            <select onchange="(this.options[this.selectedIndex].value!='null') ? window.location.href=this.options[this.selectedIndex].value : '';">
                                <option selected="selected" value="">%-Vol.</option>
                                <option value="./alle-whiskies?ft=%257B%2522facet_vol%2522:%252240.00%2522%257D">40.00 %
                                    (347)
                                </option>
                                <option value="./alle-whiskies?ft=%257B%2522facet_vol%2522:%252240.20%2522%257D">40.20 %
                                    (1)
                                </option>
                                <option value="./alle-whiskies?ft=%257B%2522facet_vol%2522:%252240.50%2522%257D">40.50 %
                                    (1)
                                </option>
                                <option value="./alle-whiskies?ft=%257B%2522facet_vol%2522:%252240.56%2522%257D">40.56 %
                                    (1)
                                </option>
                                <option value="./alle-whiskies?ft=%257B%2522facet_vol%2522:%252240.70%2522%257D">40.70 %
                                    (1)
                                </option>
                                <option value="./alle-whiskies?ft=%257B%2522facet_vol%2522:%252241.00%2522%257D">41.00 %
                                    (2)
                                </option>
                                <option value="./alle-whiskies?ft=%257B%2522facet_vol%2522:%252241.20%2522%257D">41.20 %
                                    (1)
                                </option>
                                <option value="./alle-whiskies?ft=%257B%2522facet_vol%2522:%252241.30%2522%257D">41.30 %
                                    (2)
                                </option>
                                <option value="./alle-whiskies?ft=%257B%2522facet_vol%2522:%252241.40%2522%257D">41.40 %
                                    (1)
                                </option>
                                <option value="./alle-whiskies?ft=%257B%2522facet_vol%2522:%252241.70%2522%257D">41.70 %
                                    (1)
                                </option>
                                <option value="./alle-whiskies?ft=%257B%2522facet_vol%2522:%252242.00%2522%257D">42.00 %
                                    (7)
                                </option>
                                <option value="./alle-whiskies?ft=%257B%2522facet_vol%2522:%252242.25%2522%257D">42.25 %
                                    (1)
                                </option>
                                <option value="./alle-whiskies?ft=%257B%2522facet_vol%2522:%252242.40%2522%257D">42.40 %
                                    (1)
                                </option>
                                <option value="./alle-whiskies?ft=%257B%2522facet_vol%2522:%252242.50%2522%257D">42.50 %
                                    (1)
                                </option>
                                <option value="./alle-whiskies?ft=%257B%2522facet_vol%2522:%252242.60%2522%257D">42.60 %
                                    (1)
                                </option>
                                <option value="./alle-whiskies?ft=%257B%2522facet_vol%2522:%252242.97%2522%257D">42.97 %
                                    (1)
                                </option>
                                <option value="./alle-whiskies?ft=%257B%2522facet_vol%2522:%252243.00%2522%257D">43.00 %
                                    (173)
                                </option>
                                <option value="./alle-whiskies?ft=%257B%2522facet_vol%2522:%252243.20%2522%257D">43.20 %
                                    (4)
                                </option>
                                <option value="./alle-whiskies?ft=%257B%2522facet_vol%2522:%252243.30%2522%257D">43.30 %
                                    (1)
                                </option>
                                <option value="./alle-whiskies?ft=%257B%2522facet_vol%2522:%252243.40%2522%257D">43.40 %
                                    (2)
                                </option>
                                <option value="./alle-whiskies?ft=%257B%2522facet_vol%2522:%252243.75%2522%257D">43.75 %
                                    (1)
                                </option>
                                <option value="./alle-whiskies?ft=%257B%2522facet_vol%2522:%252244.00%2522%257D">44.00 %
                                    (3)
                                </option>
                                <option value="./alle-whiskies?ft=%257B%2522facet_vol%2522:%252244.16%2522%257D">44.16 %
                                    (1)
                                </option>
                                <option value="./alle-whiskies?ft=%257B%2522facet_vol%2522:%252244.20%2522%257D">44.20 %
                                    (1)
                                </option>
                                <option value="./alle-whiskies?ft=%257B%2522facet_vol%2522:%252244.34%2522%257D">44.34 %
                                    (1)
                                </option>
                                <option value="./alle-whiskies?ft=%257B%2522facet_vol%2522:%252245.00%2522%257D">45.00 %
                                    (30)
                                </option>
                                <option value="./alle-whiskies?ft=%257B%2522facet_vol%2522:%252245.20%2522%257D">45.20 %
                                    (2)
                                </option>
                                <option value="./alle-whiskies?ft=%257B%2522facet_vol%2522:%252245.30%2522%257D">45.30 %
                                    (1)
                                </option>
                                <option value="./alle-whiskies?ft=%257B%2522facet_vol%2522:%252245.60%2522%257D">45.60 %
                                    (1)
                                </option>
                                <option value="./alle-whiskies?ft=%257B%2522facet_vol%2522:%252245.80%2522%257D">45.80 %
                                    (14)
                                </option>
                                <option value="./alle-whiskies?ft=%257B%2522facet_vol%2522:%252245.90%2522%257D">45.90 %
                                    (1)
                                </option>
                                <option value="./alle-whiskies?ft=%257B%2522facet_vol%2522:%252246.00%2522%257D">46.00 %
                                    (195)
                                </option>
                                <option value="./alle-whiskies?ft=%257B%2522facet_vol%2522:%252246.10%2522%257D">46.10 %
                                    (5)
                                </option>
                                <option value="./alle-whiskies?ft=%257B%2522facet_vol%2522:%252246.30%2522%257D">46.30 %
                                    (21)
                                </option>
                                <option value="./alle-whiskies?ft=%257B%2522facet_vol%2522:%252246.47%2522%257D">46.47 %
                                    (1)
                                </option>
                                <option value="./alle-whiskies?ft=%257B%2522facet_vol%2522:%252246.50%2522%257D">46.50 %
                                    (3)
                                </option>
                                <option value="./alle-whiskies?ft=%257B%2522facet_vol%2522:%252246.60%2522%257D">46.60 %
                                    (2)
                                </option>
                                <option value="./alle-whiskies?ft=%257B%2522facet_vol%2522:%252246.70%2522%257D">46.70 %
                                    (1)
                                </option>
                                <option value="./alle-whiskies?ft=%257B%2522facet_vol%2522:%252246.80%2522%257D">46.80 %
                                    (3)
                                </option>
                                <option value="./alle-whiskies?ft=%257B%2522facet_vol%2522:%252247.00%2522%257D">47.00 %
                                    (8)
                                </option>
                                <option value="./alle-whiskies?ft=%257B%2522facet_vol%2522:%252247.20%2522%257D">47.20 %
                                    (1)
                                </option>
                                <option value="./alle-whiskies?ft=%257B%2522facet_vol%2522:%252247.21%2522%257D">47.21 %
                                    (1)
                                </option>
                                <option value="./alle-whiskies?ft=%257B%2522facet_vol%2522:%252247.67%2522%257D">47.67 %
                                    (1)
                                </option>
                                <option value="./alle-whiskies?ft=%257B%2522facet_vol%2522:%252247.80%2522%257D">47.80 %
                                    (1)
                                </option>
                                <option value="./alle-whiskies?ft=%257B%2522facet_vol%2522:%252247.83%2522%257D">47.83 %
                                    (1)
                                </option>
                                <option value="./alle-whiskies?ft=%257B%2522facet_vol%2522:%252248.00%2522%257D">48.00 %
                                    (17)
                                </option>
                                <option value="./alle-whiskies?ft=%257B%2522facet_vol%2522:%252248.10%2522%257D">48.10 %
                                    (1)
                                </option>
                                <option value="./alle-whiskies?ft=%257B%2522facet_vol%2522:%252248.40%2522%257D">48.40 %
                                    (1)
                                </option>
                                <option value="./alle-whiskies?ft=%257B%2522facet_vol%2522:%252248.70%2522%257D">48.70 %
                                    (1)
                                </option>
                                <option value="./alle-whiskies?ft=%257B%2522facet_vol%2522:%252249.15%2522%257D">49.15 %
                                    (1)
                                </option>
                                <option value="./alle-whiskies?ft=%257B%2522facet_vol%2522:%252249.30%2522%257D">49.30 %
                                    (1)
                                </option>
                                <option value="./alle-whiskies?ft=%257B%2522facet_vol%2522:%252249.50%2522%257D">49.50 %
                                    (1)
                                </option>
                                <option value="./alle-whiskies?ft=%257B%2522facet_vol%2522:%252249.80%2522%257D">49.80 %
                                    (2)
                                </option>
                                <option value="./alle-whiskies?ft=%257B%2522facet_vol%2522:%252250.00%2522%257D">50.00 %
                                    (29)
                                </option>
                                <option value="./alle-whiskies?ft=%257B%2522facet_vol%2522:%252250.05%2522%257D">50.05 %
                                    (1)
                                </option>
                                <option value="./alle-whiskies?ft=%257B%2522facet_vol%2522:%252250.40%2522%257D">50.40 %
                                    (1)
                                </option>
                                <option value="./alle-whiskies?ft=%257B%2522facet_vol%2522:%252250.50%2522%257D">50.50 %
                                    (6)
                                </option>
                                <option value="./alle-whiskies?ft=%257B%2522facet_vol%2522:%252251.00%2522%257D">51.00 %
                                    (3)
                                </option>
                                <option value="./alle-whiskies?ft=%257B%2522facet_vol%2522:%252251.10%2522%257D">51.10 %
                                    (1)
                                </option>
                                <option value="./alle-whiskies?ft=%257B%2522facet_vol%2522:%252251.40%2522%257D">51.40 %
                                    (4)
                                </option>
                                <option value="./alle-whiskies?ft=%257B%2522facet_vol%2522:%252251.50%2522%257D">51.50 %
                                    (3)
                                </option>
                                <option value="./alle-whiskies?ft=%257B%2522facet_vol%2522:%252252.10%2522%257D">52.10 %
                                    (2)
                                </option>
                                <option value="./alle-whiskies?ft=%257B%2522facet_vol%2522:%252252.20%2522%257D">52.20 %
                                    (2)
                                </option>
                                <option value="./alle-whiskies?ft=%257B%2522facet_vol%2522:%252252.40%2522%257D">52.40 %
                                    (1)
                                </option>
                                <option value="./alle-whiskies?ft=%257B%2522facet_vol%2522:%252252.50%2522%257D">52.50 %
                                    (2)
                                </option>
                                <option value="./alle-whiskies?ft=%257B%2522facet_vol%2522:%252252.60%2522%257D">52.60 %
                                    (1)
                                </option>
                                <option value="./alle-whiskies?ft=%257B%2522facet_vol%2522:%252252.90%2522%257D">52.90 %
                                    (1)
                                </option>
                                <option value="./alle-whiskies?ft=%257B%2522facet_vol%2522:%252253.40%2522%257D">53.40 %
                                    (1)
                                </option>
                                <option value="./alle-whiskies?ft=%257B%2522facet_vol%2522:%252253.50%2522%257D">53.50 %
                                    (3)
                                </option>
                                <option value="./alle-whiskies?ft=%257B%2522facet_vol%2522:%252254.10%2522%257D">54.10 %
                                    (1)
                                </option>
                                <option value="./alle-whiskies?ft=%257B%2522facet_vol%2522:%252254.20%2522%257D">54.20 %
                                    (3)
                                </option>
                                <option value="./alle-whiskies?ft=%257B%2522facet_vol%2522:%252255.00%2522%257D">55.00 %
                                    (2)
                                </option>
                                <option value="./alle-whiskies?ft=%257B%2522facet_vol%2522:%252255.50%2522%257D">55.50 %
                                    (1)
                                </option>
                                <option value="./alle-whiskies?ft=%257B%2522facet_vol%2522:%252255.80%2522%257D">55.80 %
                                    (1)
                                </option>
                                <option value="./alle-whiskies?ft=%257B%2522facet_vol%2522:%252256.00%2522%257D">56.00 %
                                    (1)
                                </option>
                                <option value="./alle-whiskies?ft=%257B%2522facet_vol%2522:%252256.10%2522%257D">56.10 %
                                    (1)
                                </option>
                                <option value="./alle-whiskies?ft=%257B%2522facet_vol%2522:%252256.30%2522%257D">56.30 %
                                    (1)
                                </option>
                                <option value="./alle-whiskies?ft=%257B%2522facet_vol%2522:%252256.60%2522%257D">56.60 %
                                    (1)
                                </option>
                                <option value="./alle-whiskies?ft=%257B%2522facet_vol%2522:%252257.00%2522%257D">57.00 %
                                    (1)
                                </option>
                                <option value="./alle-whiskies?ft=%257B%2522facet_vol%2522:%252257.10%2522%257D">57.10 %
                                    (3)
                                </option>
                                <option value="./alle-whiskies?ft=%257B%2522facet_vol%2522:%252257.15%2522%257D">57.15 %
                                    (1)
                                </option>
                                <option value="./alle-whiskies?ft=%257B%2522facet_vol%2522:%252257.20%2522%257D">57.20 %
                                    (1)
                                </option>
                                <option value="./alle-whiskies?ft=%257B%2522facet_vol%2522:%252257.50%2522%257D">57.50 %
                                    (1)
                                </option>
                                <option value="./alle-whiskies?ft=%257B%2522facet_vol%2522:%252257.90%2522%257D">57.90 %
                                    (2)
                                </option>
                                <option value="./alle-whiskies?ft=%257B%2522facet_vol%2522:%252258.00%2522%257D">58.00 %
                                    (3)
                                </option>
                                <option value="./alle-whiskies?ft=%257B%2522facet_vol%2522:%252258.50%2522%257D">58.50 %
                                    (1)
                                </option>
                                <option value="./alle-whiskies?ft=%257B%2522facet_vol%2522:%252258.70%2522%257D">58.70 %
                                    (1)
                                </option>
                                <option value="./alle-whiskies?ft=%257B%2522facet_vol%2522:%252259.30%2522%257D">59.30 %
                                    (2)
                                </option>
                                <option value="./alle-whiskies?ft=%257B%2522facet_vol%2522:%252259.40%2522%257D">59.40 %
                                    (1)
                                </option>
                                <option value="./alle-whiskies?ft=%257B%2522facet_vol%2522:%252259.60%2522%257D">59.60 %
                                    (1)
                                </option>
                                <option value="./alle-whiskies?ft=%257B%2522facet_vol%2522:%252259.80%2522%257D">59.80 %
                                    (1)
                                </option>
                                <option value="./alle-whiskies?ft=%257B%2522facet_vol%2522:%252260.00%2522%257D">60.00 %
                                    (5)
                                </option>
                                <option value="./alle-whiskies?ft=%257B%2522facet_vol%2522:%252260.40%2522%257D">60.40 %
                                    (1)
                                </option>
                                <option value="./alle-whiskies?ft=%257B%2522facet_vol%2522:%252260.90%2522%257D">60.90 %
                                    (1)
                                </option>
                                <option value="./alle-whiskies?ft=%257B%2522facet_vol%2522:%252261.10%2522%257D">61.10 %
                                    (1)
                                </option>
                                <option value="./alle-whiskies?ft=%257B%2522facet_vol%2522:%252261.30%2522%257D">61.30 %
                                    (1)
                                </option>
                                <option value="./alle-whiskies?ft=%257B%2522facet_vol%2522:%252262.70%2522%257D">62.70 %
                                    (1)
                                </option>
                                <option value="./alle-whiskies?ft=%257B%2522facet_vol%2522:%252262.80%2522%257D">62.80 %
                                    (1)
                                </option>
                                <option value="./alle-whiskies?ft=%257B%2522facet_vol%2522:%252265.10%2522%257D">65.10 %
                                    (1)
                                </option>
                            </select>


                            <select onchange="(this.options[this.selectedIndex].value!='null') ? window.location.href=this.options[this.selectedIndex].value : '';">
                                <option selected="selected" value="">Kaltgefiltert</option>
                                <option value="./alle-whiskies?ft=%257B%2522facet_kaltfiltrierung%2522:%2522Ja%2522%257D">
                                    Ja (736)
                                </option>
                                <option value="./alle-whiskies?ft=%257B%2522facet_kaltfiltrierung%2522:%2522Nein%2522%257D">
                                    Nein (243)
                                </option>
                            </select>


                            <select onchange="(this.options[this.selectedIndex].value!='null') ? window.location.href=this.options[this.selectedIndex].value : '';">
                                <option selected="selected" value="">Preis</option>
                                <option value="./alle-whiskies?ft=%257B%2522facet_preis%2522:%2522bis%2B5,00%2B%25E2%2582%25AC%2522%257D">
                                    bis 5,00 € (16)
                                </option>
                                <option value="./alle-whiskies?ft=%257B%2522facet_preis%2522:%2522von%2B5,00%2B%25E2%2582%25AC%2Bbis%2B10,00%2B%25E2%2582%25AC%2522%257D">
                                    von 5,00 € bis 10,00 € (91)
                                </option>
                                <option value="./alle-whiskies?ft=%257B%2522facet_preis%2522:%2522von%2B10,00%2B%25E2%2582%25AC%2Bbis%2B25,00%2B%25E2%2582%25AC%2522%257D">
                                    von 10,00 € bis 25,00 € (195)
                                </option>
                                <option value="./alle-whiskies?ft=%257B%2522facet_preis%2522:%2522von%2B25,00%2B%25E2%2582%25AC%2Bbis%2B50,00%2B%25E2%2582%25AC%2522%257D">
                                    von 25,00 € bis 50,00 € (385)
                                </option>
                                <option value="./alle-whiskies?ft=%257B%2522facet_preis%2522:%2522von%2B50,00%2B%25E2%2582%25AC%2Bbis%2B100,00%2B%25E2%2582%25AC%2522%257D">
                                    von 50,00 € bis 100,00 € (209)
                                </option>
                                <option value="./alle-whiskies?ft=%257B%2522facet_preis%2522:%2522ab%2B100,00%2B%25E2%2582%25AC%2522%257D">
                                    ab 100,00 € (83)
                                </option>
                            </select>


                            <select onchange="(this.options[this.selectedIndex].value!='null') ? window.location.href=this.options[this.selectedIndex].value : '';">
                                <option style="font-weight: bold;" selected="selected">Sortieren nach...</option>
                                <option value="./alle-whiskies?sort=markeaz">Marke (A→Z)</option>
                                <option value="./alle-whiskies?sort=markeza">Marke (Z→A)</option>
                                <option value="./alle-whiskies?sort=preisnz">Preis (niedrigster zuerst)</option>
                                <option value="./alle-whiskies?sort=preishz">Preis (höchster zuerst)</option>
                                <option value="./alle-whiskies?sort=inhaltmin">Inhalt (geringster zuerst)</option>
                                <option value="./alle-whiskies?sort=inhaltmax">Inhalt (größter zuerst)</option>
                            </select>

                        </div>


                        <div class="grid-x">


                            <div class="product-item">
                                <a href="https://www.foobaa.de/p/aberfeldy-12-jahre-a100_0017">
                                    <img src="foobaa.de_all_sorts_p1_files/A100-0017.JPG"
                                         alt="Aberfeldy 12 Jahre  Produktbild">

                                    <div id="id17" style="display:none"></div>

                                    <div class="product-infobox">
                                        <h3>Aberfeldy</h3>
                                        <div class="item-description">12 Jahre</div>
                                        <div class="item-inh"> 0,70 Liter/ 40.00% Vol</div>
                                    </div>
                                    <div class="item-bottom">
                                        <div class="price">
                                            <div class="offer"></div>
                                            <div class="uvp">32,95 €</div>
                                            <div class="unit">(47,07 €/Liter - mit Farbstoff)¹</div>

                                        </div>
                                        <div class="availability">
                                            <div class="green">
                                                sofort verfügbar
                                            </div>
                                            <div class="storage">(mehr als 6 auf Lager)</div>
                                        </div>
                                    </div>
                                </a>
                            </div>


                            <div class="product-item">
                                <a href="https://www.foobaa.de/p/aberlour-16-jahre-double-cask-matured-a101_0060">
                                    <img src="foobaa.de_all_sorts_p1_files/A101-0060.JPG"
                                         alt="Aberlour 16 Jahre Double Cask Matured  Produktbild">

                                    <div id="id18" style="display:none"></div>

                                    <div class="product-infobox">
                                        <h3>Aberlour</h3>
                                        <div class="item-description">16 Jahre Double Cask Matured</div>
                                        <div class="item-inh"> 0,70 Liter/ 43.00% Vol</div>
                                    </div>
                                    <div class="item-bottom">
                                        <div class="price">
                                            <div class="offer"></div>
                                            <div class="uvp">59,95 €</div>
                                            <div class="unit">(85,64 €/Liter - mit Farbstoff)¹</div>

                                        </div>
                                        <div class="availability">
                                            <div class="green">
                                                sofort verfügbar
                                            </div>
                                            <div class="storage">(mehr als 3 auf Lager)</div>
                                        </div>
                                    </div>
                                </a>
                            </div>


                            <div class="product-item">
                                <a href="https://www.foobaa.de/p/aberlour-10-jahre-a101_0072">
                                    <img src="foobaa.de_all_sorts_p1_files/A101-0072.JPG"
                                         alt="Aberlour 10 Jahre  Produktbild">

                                    <div id="id19" style="display:none"></div>

                                    <div class="product-infobox">
                                        <h3>Aberlour</h3>
                                        <div class="item-description">10 Jahre</div>
                                        <div class="item-inh"> 0,70 Liter/ 40.00% Vol</div>
                                    </div>
                                    <div class="item-bottom">
                                        <div class="price">
                                            <div class="offer"></div>
                                            <div class="uvp">28,95 €</div>
                                            <div class="unit">(41,36 €/Liter - mit Farbstoff)¹</div>

                                        </div>
                                        <div class="availability">
                                            <div class="orange">
                                                nur noch 2 auf Lager
                                            </div>
                                            <div class="storage">(nur noch 2 auf Lager)</div>
                                        </div>
                                    </div>
                                </a>
                            </div>


                            <div class="product-item">
                                <a href="https://www.foobaa.de/p/aberlour-12-jahre-non-chill-filtered-a101_0074">
                                    <img src="foobaa.de_all_sorts_p1_files/A101-0074.JPG"
                                         alt="Aberlour 12 Jahre Non Chill-Filtered  Produktbild">

                                    <div id="id1a" style="display:none"></div>

                                    <div class="product-infobox">
                                        <h3>Aberlour</h3>
                                        <div class="item-description">12 Jahre Non Chill-Filtered</div>
                                        <div class="item-inh"> 0,70 Liter/ 48.00% Vol</div>
                                    </div>
                                    <div class="item-bottom">
                                        <div class="price">
                                            <div class="offer"></div>
                                            <div class="uvp">42,95 €</div>
                                            <div class="unit">(61,36 €/Liter - mit Farbstoff)¹</div>

                                        </div>
                                        <div class="availability">
                                            <div class="">
                                                Versandfertig in 7 - 14 Tagen
                                            </div>
                                            <div class="storage"></div>
                                        </div>
                                    </div>
                                </a>
                            </div>


                            <div class="product-item">
                                <a href="https://www.foobaa.de/p/aberlour-12-jahre-double-cask-matured-a101_0096">
                                    <img src="foobaa.de_all_sorts_p1_files/A101-0096.JPG"
                                         alt="Aberlour 12 Jahre Double Cask Matured  Produktbild">

                                    <div id="id1b" style="display:none"></div>

                                    <div class="product-infobox">
                                        <h3>Aberlour</h3>
                                        <div class="item-description">12 Jahre Double Cask Matured</div>
                                        <div class="item-inh"> 0,70 Liter/ 40.00% Vol</div>
                                    </div>
                                    <div class="item-bottom">
                                        <div class="price">
                                            <div class="offer"></div>
                                            <div class="uvp">37,95 €</div>
                                            <div class="unit">(54,21 €/Liter - mit Farbstoff)¹</div>

                                        </div>
                                        <div class="availability">
                                            <div class="green">
                                                sofort verfügbar
                                            </div>
                                            <div class="storage">(mehr als 3 auf Lager)</div>
                                        </div>
                                    </div>
                                </a>
                            </div>


                            <div class="product-item">
                                <a href="https://www.foobaa.de/p/aberlour-18-jahre-a101_0102">
                                    <img src="foobaa.de_all_sorts_p1_files/A101-0102.JPG"
                                         alt="Aberlour 18 Jahre  Produktbild">

                                    <div id="id1c" style="display:none"></div>

                                    <div class="product-infobox">
                                        <h3>Aberlour</h3>
                                        <div class="item-description">18 Jahre</div>
                                        <div class="item-inh"> 0,70 Liter/ 43.00% Vol</div>
                                    </div>
                                    <div class="item-bottom">
                                        <div class="price">
                                            <div class="offer"></div>
                                            <div class="uvp">70,95 €</div>
                                            <div class="unit">(101,36 €/Liter - mit Farbstoff)¹</div>

                                        </div>
                                        <div class="availability">
                                            <div class="">
                                                Versandfertig in 7 - 14 Tagen
                                            </div>
                                            <div class="storage"></div>
                                        </div>
                                    </div>
                                </a>
                            </div>


                            <div class="product-item">
                                <a href="https://www.foobaa.de/p/aberlour-abunadh-a101_0106">
                                    <img src="foobaa.de_all_sorts_p1_files/A101-0106.JPG"
                                         alt="Aberlour a´bunadh Batch 58 Produktbild">

                                    <div id="id1d" style="display:none"></div>

                                    <div class="product-infobox">
                                        <h3>Aberlour</h3>
                                        <div class="item-description">a´bunadh Batch 58</div>
                                        <div class="item-inh"> 0,70 Liter/ 61.10% Vol</div>
                                    </div>
                                    <div class="item-bottom">
                                        <div class="price">
                                            <div class="offer"></div>
                                            <div class="uvp">59,95 €</div>
                                            <div class="unit">(85,64 €/Liter - mit Farbstoff)¹</div>

                                        </div>
                                        <div class="availability">
                                            <div class="orange">
                                                nur noch 2 auf Lager
                                            </div>
                                            <div class="storage">(nur noch 2 auf Lager)</div>
                                        </div>
                                    </div>
                                </a>
                            </div>


                            <div class="product-item">
                                <a href="https://www.foobaa.de/p/aberlour-10-jahre-a101_9005">
                                    <img src="foobaa.de_all_sorts_p1_files/A101-9005.JPG"
                                         alt="Aberlour 10 Jahre Miniatur Produktbild">

                                    <div id="id1e" style="display:none"></div>

                                    <div class="product-infobox">
                                        <h3>Aberlour</h3>
                                        <div class="item-description">10 Jahre Miniatur</div>
                                        <div class="item-inh"> 0,050 Liter/ 40.00% Vol</div>
                                    </div>
                                    <div class="item-bottom">
                                        <div class="price">
                                            <div class="offer"></div>
                                            <div class="uvp">6,95 €</div>
                                            <div class="unit">(139,00 €/Liter - mit Farbstoff)¹</div>

                                        </div>
                                        <div class="availability">
                                            <div class="green">
                                                sofort verfügbar
                                            </div>
                                            <div class="storage">(mehr als 6 auf Lager)</div>
                                        </div>
                                    </div>
                                </a>
                            </div>


                            <div class="product-item">
                                <a href="https://www.foobaa.de/p/an-cnoc-12-jahre-a102_0008">
                                    <img src="foobaa.de_all_sorts_p1_files/A102-0008.JPG"
                                         alt="an Cnoc 12 Jahre  Produktbild">

                                    <div id="id1f" style="display:none"></div>

                                    <div class="product-infobox">
                                        <h3>an Cnoc</h3>
                                        <div class="item-description">12 Jahre</div>
                                        <div class="item-inh"> 0,70 Liter/ 40.00% Vol</div>
                                    </div>
                                    <div class="item-bottom">
                                        <div class="price">
                                            <div class="offer"></div>
                                            <div class="uvp">32,95 €</div>
                                            <div class="unit">(47,07 €/Liter - mit Farbstoff)¹</div>

                                        </div>
                                        <div class="availability">
                                            <div class="green">
                                                sofort verfügbar
                                            </div>
                                            <div class="storage">(mehr als 6 auf Lager)</div>
                                        </div>
                                    </div>
                                </a>
                            </div>


                            <div class="product-item">
                                <a href="https://www.foobaa.de/p/an-cnoc-peter-arkle-a102_0020">
                                    <img src="foobaa.de_all_sorts_p1_files/A102-0020.JPG"
                                         alt="an Cnoc Peter Arkle Edition Literflasche Produktbild">

                                    <div id="id20" style="display:none"></div>

                                    <div class="product-infobox">
                                        <h3>an Cnoc</h3>
                                        <div class="item-description">Peter Arkle Edition Literflasche</div>
                                        <div class="item-inh"> 1 Liter/ 46.00% Vol</div>
                                    </div>
                                    <div class="item-bottom">
                                        <div class="price">
                                            <div class="offer"></div>
                                            <div class="uvp">42,95 €</div>
                                            <div class="unit">(42,95 €/Liter - ohne Farbstoff)¹</div>

                                        </div>
                                        <div class="availability">
                                            <div class="green">
                                                sofort verfügbar
                                            </div>
                                            <div class="storage">(mehr als 6 auf Lager)</div>
                                        </div>
                                    </div>
                                </a>
                            </div>


                            <div class="product-item">
                                <a href="https://www.foobaa.de/p/an-cnoc-cutter-a102_0021">
                                    <img src="foobaa.de_all_sorts_p1_files/A102-0021.JPG"
                                         alt="an Cnoc Cutter 20,5 ppm Produktbild">

                                    <div id="id21" style="display:none"></div>

                                    <div class="product-infobox">
                                        <h3>an Cnoc</h3>
                                        <div class="item-description">Cutter 20,5 ppm</div>
                                        <div class="item-inh"> 0,70 Liter/ 46.00% Vol</div>
                                    </div>
                                    <div class="item-bottom">
                                        <div class="price">
                                            <div class="offer"></div>
                                            <div class="uvp">61,95 €</div>
                                            <div class="unit">(88,50 €/Liter - ohne Farbstoff)¹</div>

                                        </div>
                                        <div class="availability">
                                            <div class="orange">
                                                letzter auf Lager
                                            </div>
                                            <div class="storage">(nur noch 1 auf Lager)</div>
                                        </div>
                                    </div>
                                </a>
                            </div>


                            <div class="product-item">
                                <a href="https://www.foobaa.de/p/an-cnoc-black-hill-reserve-a102_0024">
                                    <img src="foobaa.de_all_sorts_p1_files/A102-0024.JPG"
                                         alt="an Cnoc Black Hill Reserve Literflasche Produktbild">

                                    <div id="id22" style="display:none"></div>

                                    <div class="product-infobox">
                                        <h3>an Cnoc</h3>
                                        <div class="item-description">Black Hill Reserve Literflasche</div>
                                        <div class="item-inh"> 1 Liter/ 46.00% Vol</div>
                                    </div>
                                    <div class="item-bottom">
                                        <div class="price">
                                            <div class="offer"></div>
                                            <div class="uvp">35,95 €</div>
                                            <div class="unit">(35,95 €/Liter - ohne Farbstoff)¹</div>

                                        </div>
                                        <div class="availability">
                                            <div class="green">
                                                sofort verfügbar
                                            </div>
                                            <div class="storage">(mehr als 6 auf Lager)</div>
                                        </div>
                                    </div>
                                </a>
                            </div>


                            <div class="product-item">
                                <a href="https://www.foobaa.de/p/ardbeg-10-jahre-a103_0045">
                                    <img src="foobaa.de_all_sorts_p1_files/A103-0045.JPG"
                                         alt="Ardbeg 10 Jahre  Produktbild">

                                    <div id="id23" style="display:none"></div>
                                    <div class="niceprice">NicePrice</div>
                                    <div class="product-infobox">
                                        <h3>Ardbeg</h3>
                                        <div class="item-description">10 Jahre</div>
                                        <div class="item-inh"> 0,70 Liter/ 46.00% Vol</div>
                                    </div>
                                    <div class="item-bottom">
                                        <div class="price">
                                            <div class="offer"></div>
                                            <div class="uvp">41,99 €</div>
                                            <div class="unit">(59,99 €/Liter - ohne Farbstoff)¹</div>
                                            <div class="unit">(Nice Price Artikel)</div>
                                        </div>
                                        <div class="availability">
                                            <div class="green">
                                                sofort verfügbar
                                            </div>
                                            <div class="storage">(mehr als 6 auf Lager)</div>
                                        </div>
                                    </div>
                                </a>
                            </div>


                            <div class="product-item">
                                <a href="https://www.foobaa.de/p/ian-macleod-smokehead-a103_0072">
                                    <img src="foobaa.de_all_sorts_p1_files/A103-0072.JPG"
                                         alt="Ian Macleod Smokehead ohne Nennung D.A. Produktbild">

                                    <div id="id24" style="display:none"></div>

                                    <div class="product-infobox">
                                        <h3>Ian Macleod</h3>
                                        <div class="item-description">Smokehead ohne Nennung D.A.</div>
                                        <div class="item-inh"> 0,70 Liter/ 43.00% Vol</div>
                                    </div>
                                    <div class="item-bottom">
                                        <div class="price">
                                            <div class="offer"></div>
                                            <div class="uvp">31,95 €</div>
                                            <div class="unit">(45,64 €/Liter - ohne Farbstoff)¹</div>

                                        </div>
                                        <div class="availability">
                                            <div class="orange">
                                                letzter auf Lager
                                            </div>
                                            <div class="storage">(nur noch 1 auf Lager)</div>
                                        </div>
                                    </div>
                                </a>
                            </div>


                            <div class="product-item">
                                <a href="https://www.foobaa.de/p/ian-macleod-smokehead-a103_0095">
                                    <img src="foobaa.de_all_sorts_p1_files/A103-0095.JPG"
                                         alt="Ian Macleod Smokehead Rock Edition ohne Nennung D.A. Produktbild">

                                    <div id="id25" style="display:none"></div>

                                    <div class="product-infobox">
                                        <h3>Ian Macleod</h3>
                                        <div class="item-description">Smokehead Rock Edition ohne Nennung D.A.</div>
                                        <div class="item-inh"> 0,70 Liter/ 43.00% Vol</div>
                                    </div>
                                    <div class="item-bottom">
                                        <div class="price">
                                            <div class="offer"></div>
                                            <div class="uvp">34,95 €</div>
                                            <div class="unit">(49,93 €/Liter - ohne Farbstoff)¹</div>

                                        </div>
                                        <div class="availability">
                                            <div class="green">
                                                sofort verfügbar
                                            </div>
                                            <div class="storage">(mehr als 3 auf Lager)</div>
                                        </div>
                                    </div>
                                </a>
                            </div>


                            <div class="product-item">
                                <a href="https://www.foobaa.de/p/ardbeg-10-jahre-a103_0098">
                                    <img src="foobaa.de_all_sorts_p1_files/A103-0098.JPG"
                                         alt="Ardbeg 10 Jahre Exploration - Corryvreckan 57,1%Vol &amp; Uigedail 54,2%Vol Produktbild">

                                    <div id="id26" style="display:none"></div>

                                    <div class="product-infobox">
                                        <h3>Ardbeg</h3>
                                        <div class="item-description">10 Jahre Exploration - Corryvreckan 57,1%Vol &amp;
                                            Uigedail 54,2%Vol
                                        </div>
                                        <div class="item-inh"> 0,80 Liter/ 47.21% Vol</div>
                                    </div>
                                    <div class="item-bottom">
                                        <div class="price">
                                            <div class="offer"></div>
                                            <div class="uvp">55,95 €</div>
                                            <div class="unit">(69,94 €/Liter - ohne Farbstoff)¹</div>

                                        </div>
                                        <div class="availability">
                                            <div class="orange">
                                                letzter auf Lager
                                            </div>
                                            <div class="storage">(nur noch 1 auf Lager)</div>
                                        </div>
                                    </div>
                                </a>
                            </div>


                            <div class="product-item">
                                <a href="https://www.foobaa.de/p/ardbeg-perpetuum-bundle-a103_0107">
                                    <img src="foobaa.de_all_sorts_p1_files/A103-0107.JPG"
                                         alt="Ardbeg Perpetuum Bundle Set I besteht aus 1 Perpetuum 0,70l 47,40%Vol; 2 Ardbeg 10 y.o. 46,00%Vol. je 0,7l &amp; Ardbeg Untersetzer Produktbild">

                                    <div id="id27" style="display:none"></div>

                                    <div class="product-infobox">
                                        <h3>Ardbeg</h3>
                                        <div class="item-description">Perpetuum Bundle Set I besteht aus 1 Perpetuum
                                            0,70l 47,40%Vol; 2 Ardbeg 10 y.o. 46,00%Vol. je 0,7l &amp; Ardbeg
                                            Untersetzer
                                        </div>
                                        <div class="item-inh"> 2,10 Liter/ 46.47% Vol</div>
                                    </div>
                                    <div class="item-bottom">
                                        <div class="price">
                                            <div class="offer"></div>
                                            <div class="uvp">299,95 €</div>
                                            <div class="unit">(142,83 €/Liter - ohne Farbstoff)¹</div>

                                        </div>
                                        <div class="availability">
                                            <div class="orange">
                                                letzter auf Lager
                                            </div>
                                            <div class="storage">(nur noch 1 auf Lager)</div>
                                        </div>
                                    </div>
                                </a>
                            </div>


                            <div class="product-item">
                                <a href="https://www.foobaa.de/p/ardbeg-special-2015-a103_0110">
                                    <img src="foobaa.de_all_sorts_p1_files/A103-0110.JPG"
                                         alt="Ardbeg Special 2015 je 1Flasche Perpetuum 47,4%Vol.; Auriverdes 49,9%Vol.; Ardbog 52,1%Vol. (max. 1 Set je Kunde/ Haushalt) Produktbild">

                                    <div id="id28" style="display:none"></div>

                                    <div class="product-infobox">
                                        <h3>Ardbeg</h3>
                                        <div class="item-description">Special 2015 je 1Flasche Perpetuum 47,4%Vol.;
                                            Auriverdes 49,9%Vol.; Ardbog 52,1%Vol. (max. 1 Set je Kunde/ Haushalt)
                                        </div>
                                        <div class="item-inh"> 2,10 Liter/ 49.80% Vol</div>
                                    </div>
                                    <div class="item-bottom">
                                        <div class="price">
                                            <div class="offer"></div>
                                            <div class="uvp">599,00 €</div>
                                            <div class="unit">(285,24 €/Liter - ohne Farbstoff)¹</div>

                                        </div>
                                        <div class="availability">
                                            <div class="orange">
                                                nur noch 2 auf Lager
                                            </div>
                                            <div class="storage">(nur noch 2 auf Lager)</div>
                                        </div>
                                    </div>
                                </a>
                            </div>


                            <div class="product-item">
                                <a href="https://www.foobaa.de/p/ardbeg-10-jahre-quadrant-20-a103_0117">
                                    <img src="foobaa.de_all_sorts_p1_files/A103-0117.JPG"
                                         alt="Ardbeg 10 Jahre Quadrant 2.0 10 Jahre 0,70l &amp; Uigedail 0,05l (Auslaufartikel) Produktbild">

                                    <div id="id29" style="display:none"></div>

                                    <div class="product-infobox">
                                        <h3>Ardbeg</h3>
                                        <div class="item-description">10 Jahre Quadrant 2.0 10 Jahre 0,70l &amp;
                                            Uigedail 0,05l (Auslaufartikel)
                                        </div>
                                        <div class="item-inh"> 0,750 Liter/ 46.50% Vol</div>
                                    </div>
                                    <div class="item-bottom">
                                        <div class="price">
                                            <div class="offer"></div>
                                            <div class="uvp">51,95 €</div>
                                            <div class="unit">(69,27 €/Liter - ohne Farbstoff)¹</div>

                                        </div>
                                        <div class="availability">
                                            <div class="orange">
                                                letzter auf Lager
                                            </div>
                                            <div class="storage">(nur noch 1 auf Lager)</div>
                                        </div>
                                    </div>
                                </a>
                            </div>


                            <div class="product-item">
                                <a href="https://www.foobaa.de/p/ardbeg-kelpie-10-jahre-bundle-a103_0121">
                                    <img src="foobaa.de_all_sorts_p1_files/A103-0121.JPG"
                                         alt="Ardbeg Kelpie 10 Jahre Bundle besteht aus 1 Flasche Kelpie &amp; 2 Flaschen 10 Jahre (max. 1 Set je Kunde / Haushalt) Produktbild">

                                    <div id="id2a" style="display:none"></div>

                                    <div class="product-infobox">
                                        <h3>Ardbeg</h3>
                                        <div class="item-description">Kelpie 10 Jahre Bundle besteht aus 1 Flasche
                                            Kelpie &amp; 2 Flaschen 10 Jahre (max. 1 Set je Kunde / Haushalt)
                                        </div>
                                        <div class="item-inh"> 2,10 Liter/ 46.00% Vol</div>
                                    </div>
                                    <div class="item-bottom">
                                        <div class="price">
                                            <div class="offer"></div>
                                            <div class="uvp">239,95 €</div>
                                            <div class="unit">(114,26 €/Liter - ohne Farbstoff)¹</div>

                                        </div>
                                        <div class="availability">
                                            <div class="orange">
                                                letzter auf Lager
                                            </div>
                                            <div class="storage">(nur noch 1 auf Lager)</div>
                                        </div>
                                    </div>
                                </a>
                            </div>


                            <div class="product-item">
                                <a href="https://www.foobaa.de/p/ardbeg-an-oa-a103_0122">
                                    <img src="foobaa.de_all_sorts_p1_files/A103-0122.JPG"
                                         alt="Ardbeg An Oa  Produktbild">

                                    <div id="id2b" style="display:none"></div>

                                    <div class="product-infobox">
                                        <h3>Ardbeg</h3>
                                        <div class="item-description">An Oa</div>
                                        <div class="item-inh"> 0,70 Liter/ 46.60% Vol</div>
                                    </div>
                                    <div class="item-bottom">
                                        <div class="price">
                                            <div class="offer"></div>
                                            <div class="uvp">48,95 €</div>
                                            <div class="unit">(69,93 €/Liter - ohne Farbstoff)¹</div>

                                        </div>
                                        <div class="availability">
                                            <div class="green">
                                                sofort verfügbar
                                            </div>
                                            <div class="storage">(nur noch 3 auf Lager)</div>
                                        </div>
                                    </div>
                                </a>
                            </div>


                            <div class="product-item">
                                <a href="https://www.foobaa.de/p/ardbeg-uigeadail-a103_0124">
                                    <img src="foobaa.de_all_sorts_p1_files/A103-0124.JPG"
                                         alt="Ardbeg Uigeadail  Produktbild">

                                    <div id="id2c" style="display:none"></div>

                                    <div class="product-infobox">
                                        <h3>Ardbeg</h3>
                                        <div class="item-description">Uigeadail</div>
                                        <div class="item-inh"> 0,70 Liter/ 54.20% Vol</div>
                                    </div>
                                    <div class="item-bottom">
                                        <div class="price">
                                            <div class="offer"></div>
                                            <div class="uvp">59,95 €</div>
                                            <div class="unit">(85,64 €/Liter - ohne Farbstoff)¹</div>

                                        </div>
                                        <div class="availability">
                                            <div class="green">
                                                sofort verfügbar
                                            </div>
                                            <div class="storage">(nur noch 3 auf Lager)</div>
                                        </div>
                                    </div>
                                </a>
                            </div>


                            <div class="product-item">
                                <a href="https://www.foobaa.de/p/ardbeg-corryvreckan-a103_0125">
                                    <img src="foobaa.de_all_sorts_p1_files/A103-0125.JPG"
                                         alt="Ardbeg Corryvreckan  Produktbild">
                                    <div class="special-right">
                                        <div class="new">NEU</div>

                                    </div>
                                    <div id="id2d" style="display:none"></div>

                                    <div class="product-infobox">
                                        <h3>Ardbeg</h3>
                                        <div class="item-description">Corryvreckan</div>
                                        <div class="item-inh"> 0,70 Liter/ 57.10% Vol</div>
                                    </div>
                                    <div class="item-bottom">
                                        <div class="price">
                                            <div class="offer"></div>
                                            <div class="uvp">63,95 €</div>
                                            <div class="unit">(91,36 €/Liter - ohne Farbstoff)¹</div>

                                        </div>
                                        <div class="availability">
                                            <div class="orange">
                                                nur noch 2 auf Lager
                                            </div>
                                            <div class="storage">(nur noch 2 auf Lager)</div>
                                        </div>
                                    </div>
                                </a>
                            </div>


                            <div class="product-item">
                                <a href="https://www.foobaa.de/p/ian-macleod-smokehead-extra-rare-a103_2008">
                                    <img src="foobaa.de_all_sorts_p1_files/A103-2008.JPG"
                                         alt="Ian Macleod Smokehead Extra Rare ohne Nennung D.A. Literflasche Produktbild">

                                    <div id="id2e" style="display:none"></div>

                                    <div class="product-infobox">
                                        <h3>Ian Macleod</h3>
                                        <div class="item-description">Smokehead Extra Rare ohne Nennung D.A.
                                            Literflasche
                                        </div>
                                        <div class="item-inh"> 1 Liter/ 40.00% Vol</div>
                                    </div>
                                    <div class="item-bottom">
                                        <div class="price">
                                            <div class="offer"></div>
                                            <div class="uvp">45,95 €</div>
                                            <div class="unit">(45,95 €/Liter - ohne Farbstoff)¹</div>

                                        </div>
                                        <div class="availability">
                                            <div class="orange">
                                                nur noch 2 auf Lager
                                            </div>
                                            <div class="storage">(nur noch 2 auf Lager)</div>
                                        </div>
                                    </div>
                                </a>
                            </div>


                            <div class="product-item">
                                <a href="https://www.foobaa.de/p/ian-macleod-smokehead-rock-edition-a103_2009">
                                    <img src="foobaa.de_all_sorts_p1_files/A103-2009.JPG"
                                         alt="Ian Macleod Smokehead Rock Edition Special Edition ohne Nennung D.A. Literflasche Produktbild">

                                    <div id="id2f" style="display:none"></div>

                                    <div class="product-infobox">
                                        <h3>Ian Macleod</h3>
                                        <div class="item-description">Smokehead Rock Edition Special Edition ohne
                                            Nennung D.A. Literflasche
                                        </div>
                                        <div class="item-inh"> 1 Liter/ 44.20% Vol</div>
                                    </div>
                                    <div class="item-bottom">
                                        <div class="price">
                                            <div class="offer"></div>
                                            <div class="uvp">57,95 €</div>
                                            <div class="unit">(57,95 €/Liter - ohne Farbstoff)¹</div>

                                        </div>
                                        <div class="availability">
                                            <div class="green">
                                                sofort verfügbar
                                            </div>
                                            <div class="storage">(nur noch 3 auf Lager)</div>
                                        </div>
                                    </div>
                                </a>
                            </div>


                            <div class="product-item">
                                <a href="https://www.foobaa.de/p/ardbeg-10-jahre-a103_9010">
                                    <img src="foobaa.de_all_sorts_p1_files/A103-9010.JPG"
                                         alt="Ardbeg 10 Jahre Miniatur Produktbild">

                                    <div id="id30" style="display:none"></div>

                                    <div class="product-infobox">
                                        <h3>Ardbeg</h3>
                                        <div class="item-description">10 Jahre Miniatur</div>
                                        <div class="item-inh"> 0,050 Liter/ 46.00% Vol</div>
                                    </div>
                                    <div class="item-bottom">
                                        <div class="price">
                                            <div class="offer"></div>
                                            <div class="uvp">7,95 €</div>
                                            <div class="unit">(159,00 €/Liter - ohne Farbstoff)¹</div>

                                        </div>
                                        <div class="availability">
                                            <div class="green">
                                                sofort verfügbar
                                            </div>
                                            <div class="storage">(mehr als 6 auf Lager)</div>
                                        </div>
                                    </div>
                                </a>
                            </div>


                            <div class="product-item">
                                <a href="https://www.foobaa.de/p/ardbeg-uigeadail-a103_9011">
                                    <img src="foobaa.de_all_sorts_p1_files/A103-9011.JPG"
                                         alt="Ardbeg Uigeadail  Produktbild">

                                    <div id="id31" style="display:none"></div>

                                    <div class="product-infobox">
                                        <h3>Ardbeg</h3>
                                        <div class="item-description">Uigeadail</div>
                                        <div class="item-inh"> 0,050 Liter/ 54.20% Vol</div>
                                    </div>
                                    <div class="item-bottom">
                                        <div class="price">
                                            <div class="offer"></div>
                                            <div class="uvp">9,95 €</div>
                                            <div class="unit">(199,00 €/Liter - ohne Farbstoff)¹</div>

                                        </div>
                                        <div class="availability">
                                            <div class="green">
                                                sofort verfügbar
                                            </div>
                                            <div class="storage">(mehr als 6 auf Lager)</div>
                                        </div>
                                    </div>
                                </a>
                            </div>


                            <div class="product-item">
                                <a href="https://www.foobaa.de/p/ardbeg-corryvreckan-a103_9012">
                                    <img src="foobaa.de_all_sorts_p1_files/A103-9012.JPG"
                                         alt="Ardbeg Corryvreckan Miniatur Produktbild">

                                    <div id="id32" style="display:none"></div>

                                    <div class="product-infobox">
                                        <h3>Ardbeg</h3>
                                        <div class="item-description">Corryvreckan Miniatur</div>
                                        <div class="item-inh"> 0,050 Liter/ 57.10% Vol</div>
                                    </div>
                                    <div class="item-bottom">
                                        <div class="price">
                                            <div class="offer"></div>
                                            <div class="uvp">9,95 €</div>
                                            <div class="unit">(199,00 €/Liter - ohne Farbstoff)¹</div>

                                        </div>
                                        <div class="availability">
                                            <div class="green">
                                                sofort verfügbar
                                            </div>
                                            <div class="storage">(mehr als 6 auf Lager)</div>
                                        </div>
                                    </div>
                                </a>
                            </div>


                            <div class="product-item">
                                <a href="https://www.foobaa.de/p/ardmore-legacy-a104_0019">
                                    <img src="foobaa.de_all_sorts_p1_files/A104-0019.JPG"
                                         alt="Ardmore Legacy  Produktbild">

                                    <div id="id33" style="display:none"></div>
                                    <div class="niceprice">NicePrice</div>
                                    <div class="product-infobox">
                                        <h3>Ardmore</h3>
                                        <div class="item-description">Legacy</div>
                                        <div class="item-inh"> 0,70 Liter/ 40.00% Vol</div>
                                    </div>
                                    <div class="item-bottom">
                                        <div class="price">
                                            <div class="offer"></div>
                                            <div class="uvp">19,99 €</div>
                                            <div class="unit">(28,56 €/Liter - mit Farbstoff)¹</div>
                                            <div class="unit">(Nice Price Artikel)</div>
                                        </div>
                                        <div class="availability">
                                            <div class="orange">
                                                nur noch 2 auf Lager
                                            </div>
                                            <div class="storage">(nur noch 2 auf Lager)</div>
                                        </div>
                                    </div>
                                </a>
                            </div>


                            <div class="product-item">
                                <a href="https://www.foobaa.de/p/ardmore-tripple-wood-a104_0021">
                                    <img src="foobaa.de_all_sorts_p1_files/A104-0021.JPG"
                                         alt="Ardmore Tripple Wood Literflasche Produktbild">

                                    <div id="id34" style="display:none"></div>

                                    <div class="product-infobox">
                                        <h3>Ardmore</h3>
                                        <div class="item-description">Tripple Wood Literflasche</div>
                                        <div class="item-inh"> 1 Liter/ 46.00% Vol</div>
                                    </div>
                                    <div class="item-bottom">
                                        <div class="price">
                                            <div class="offer"></div>
                                            <div class="uvp">46,95 €</div>
                                            <div class="unit">(46,95 €/Liter - ohne Farbstoff)¹</div>

                                        </div>
                                        <div class="availability">
                                            <div class="green">
                                                sofort verfügbar
                                            </div>
                                            <div class="storage">(mehr als 6 auf Lager)</div>
                                        </div>
                                    </div>
                                </a>
                            </div>


                            <div class="product-item">
                                <a href="https://www.foobaa.de/p/ardmore-12-jahre-portwood-a104_0022">
                                    <img src="foobaa.de_all_sorts_p1_files/A104-0022.JPG"
                                         alt="Ardmore 12 Jahre Portwood Finish Produktbild">

                                    <div id="id35" style="display:none"></div>

                                    <div class="product-infobox">
                                        <h3>Ardmore</h3>
                                        <div class="item-description">12 Jahre Portwood Finish</div>
                                        <div class="item-inh"> 0,70 Liter/ 46.00% Vol</div>
                                    </div>
                                    <div class="item-bottom">
                                        <div class="price">
                                            <div class="offer"></div>
                                            <div class="uvp">44,95 €</div>
                                            <div class="unit">(64,21 €/Liter - ohne Farbstoff)¹</div>

                                        </div>
                                        <div class="availability">
                                            <div class="orange">
                                                nur noch 2 auf Lager
                                            </div>
                                            <div class="storage">(nur noch 2 auf Lager)</div>
                                        </div>
                                    </div>
                                </a>
                            </div>


                            <div class="product-item">
                                <a href="https://www.foobaa.de/p/ardmore-tradition-a104_0023">
                                    <img src="foobaa.de_all_sorts_p1_files/A104-0023.JPG"
                                         alt="Ardmore Tradition Peated Literflasche Produktbild">

                                    <div id="id36" style="display:none"></div>

                                    <div class="product-infobox">
                                        <h3>Ardmore</h3>
                                        <div class="item-description">Tradition Peated Literflasche</div>
                                        <div class="item-inh"> 1 Liter/ 40.00% Vol</div>
                                    </div>
                                    <div class="item-bottom">
                                        <div class="price">
                                            <div class="offer"></div>
                                            <div class="uvp">40,95 €</div>
                                            <div class="unit">(40,95 €/Liter - mit Farbstoff)¹</div>

                                        </div>
                                        <div class="availability">
                                            <div class="green">
                                                sofort verfügbar
                                            </div>
                                            <div class="storage">(mehr als 6 auf Lager)</div>
                                        </div>
                                    </div>
                                </a>
                            </div>


                            <div class="product-item">
                                <a href="https://www.foobaa.de/p/ardmore-20-jahre-a104_0024">
                                    <img src="foobaa.de_all_sorts_p1_files/A104-0024.JPG"
                                         alt="Ardmore 20 Jahre  Produktbild">

                                    <div id="id37" style="display:none"></div>

                                    <div class="product-infobox">
                                        <h3>Ardmore</h3>
                                        <div class="item-description">20 Jahre</div>
                                        <div class="item-inh"> 0,70 Liter/ 49.30% Vol</div>
                                    </div>
                                    <div class="item-bottom">
                                        <div class="price">
                                            <div class="offer"></div>
                                            <div class="uvp">84,95 €</div>
                                            <div class="unit">(121,36 €/Liter - ohne Farbstoff)¹</div>

                                        </div>
                                        <div class="availability">
                                            <div class="orange">
                                                letzter auf Lager
                                            </div>
                                            <div class="storage">(nur noch 1 auf Lager)</div>
                                        </div>
                                    </div>
                                </a>
                            </div>


                            <div class="product-item">
                                <a href="https://www.foobaa.de/p/ardmore-jahrgang-2008-a104_5003">
                                    <img src="foobaa.de_all_sorts_p1_files/A104-5003.JPG"
                                         alt="Ardmore Jahrgang 2008 7 Jahre The Ultimate Single Cask Abfüllung (Auslaufartikel) Produktbild">

                                    <div id="id38" style="display:none"></div>

                                    <div class="product-infobox">
                                        <h3>Ardmore</h3>
                                        <div class="item-description">Jahrgang 2008 7 Jahre The Ultimate Single Cask
                                            Abfüllung (Auslaufartikel)
                                        </div>
                                        <div class="item-inh"> 0,70 Liter/ 46.00% Vol</div>
                                    </div>
                                    <div class="item-bottom">
                                        <div class="price">
                                            <div class="offer"></div>
                                            <div class="uvp">38,95 €</div>
                                            <div class="unit">(55,64 €/Liter - ohne Farbstoff)¹</div>

                                        </div>
                                        <div class="availability">
                                            <div class="orange">
                                                letzter auf Lager
                                            </div>
                                            <div class="storage">(nur noch 1 auf Lager)</div>
                                        </div>
                                    </div>
                                </a>
                            </div>


                            <div class="product-item">
                                <a href="https://www.foobaa.de/p/auchentoshan-18-jahre-a105_0041">
                                    <img src="foobaa.de_all_sorts_p1_files/A105-0041.JPG"
                                         alt="Auchentoshan 18 Jahre  Produktbild">

                                    <div id="id39" style="display:none"></div>

                                    <div class="product-infobox">
                                        <h3>Auchentoshan</h3>
                                        <div class="item-description">18 Jahre</div>
                                        <div class="item-inh"> 0,70 Liter/ 43.00% Vol</div>
                                    </div>
                                    <div class="item-bottom">
                                        <div class="price">
                                            <div class="offer"></div>
                                            <div class="uvp">72,95 €</div>
                                            <div class="unit">(104,21 €/Liter - mit Farbstoff)¹</div>

                                        </div>
                                        <div class="availability">
                                            <div class="orange">
                                                letzter auf Lager
                                            </div>
                                            <div class="storage">(nur noch 1 auf Lager)</div>
                                        </div>
                                    </div>
                                </a>
                            </div>


                            <div class="product-item">
                                <a href="https://www.foobaa.de/p/auchentoshan-springwood-a105_0051">
                                    <img src="foobaa.de_all_sorts_p1_files/A105-0051.JPG"
                                         alt="Auchentoshan Springwood Literflasche Produktbild">

                                    <div id="id3a" style="display:none"></div>

                                    <div class="product-infobox">
                                        <h3>Auchentoshan</h3>
                                        <div class="item-description">Springwood Literflasche</div>
                                        <div class="item-inh"> 1 Liter/ 40.00% Vol</div>
                                    </div>
                                    <div class="item-bottom">
                                        <div class="price">
                                            <div class="offer"></div>
                                            <div class="uvp">29,95 €</div>
                                            <div class="unit">(29,95 €/Liter - mit Farbstoff)¹</div>

                                        </div>
                                        <div class="availability">
                                            <div class="green">
                                                sofort verfügbar
                                            </div>
                                            <div class="storage">(mehr als 6 auf Lager)</div>
                                        </div>
                                    </div>
                                </a>
                            </div>


                        </div>


                        <div class="grid-x bottom-pagination navigation-bar">
                            <div class="large-3 small-6 cell pagination-previous">

                            </div>
                            <div class="large-6 cell pagination">
                                <ul class="text-center" role="navigation" aria-label="Pagination">


                                    <li class="current">
                                        <em><span>
                                1
                            </span></em>
                                    </li>

                                    <li>
                                        <a href="https://www.foobaa.de/alle-whiskies?page=2">
                                            2
                                        </a>
                                    </li>

                                    <li>
                                        <a href="https://www.foobaa.de/alle-whiskies?page=3">
                                            3
                                        </a>
                                    </li>

                                    <li>
                                        <a href="https://www.foobaa.de/alle-whiskies?page=4">
                                            4
                                        </a>
                                    </li>

                                    <li>
                                        <a href="https://www.foobaa.de/alle-whiskies?page=5">
                                            5
                                        </a>
                                    </li>


                                    <li class="ellipsis" aria-hidden="true"></li>
                                    <li>
                                        <a href="https://www.foobaa.de/alle-whiskies?page=28">28</a>
                                    </li>
                                </ul>
                            </div>
                            <div class="large-3 small-6 cell pagination-next text-right">

                                <a class="button lined-button" href="https://www.foobaa.de/alle-whiskies?page=2">Nächste<span
                                        class="show-for-sr">Seite</span></a>

                            </div>
                        </div>


                        <div class="grid-x">
                            <div class="cell brand-info-section" id="moreBrandInfo">

                            </div>
                        </div>

                    </section>
                </section>
            </div>
        </section>


        <div class="navigation">


            <div class="clear"></div>
        </div>

        <div id="bxmodalview" style="display:none"></div>
        <footer>
            <div class="grid-container">
                <div class="grid-x">
                    <div class="cell bg-color">
                        <div class="grid-x align-middle">
                            <div class="medium-6 cell headline">
                                <h3>WERDE TEIL DES <br> foobaa.de-UNIVERSUMS</h3>
                            </div>
                            <div class="medium-6 cell">
                                <div class="grid-x universumform2">
                                    <div class="small-6 cell"><a class="button orange-button"
                                                                 href="https://www.foobaa.de/foobaa.de-newsletter">zum
                                        Newsletter anmelden</a></div>
                                    <div class="small-6 cell"><a class="button orange-button"
                                                                 href="https://www.foobaa.de/konto">neues Kundenkonto
                                        anlegen</a></div>
                                </div>
                            </div>
                        </div>
                    </div>
                </div>
            </div>
            <div class="grid-container">
                <div class="grid-x grid-margin-x">
                    <div class="medium-8 cell">
                        <div class="grid-x grid-margin-x">
                            <div class="medium-6 cell">
                                <div class="footerbox">
                                    <div class="footerbox-head">Zahlungsarten</div>
                                    <div class="footerbox-body elevated">
                                        <a href="https://www.foobaa.de/foobaa.de-zahlarten">
                                            <img alt="Logo Paypal"
                                                 title="einfach und sicher bargeldlos bezahlen mit paypal"
                                                 src="foobaa.de_all_sorts_p1_files/paypal_logo.png">
                                            <img alt="Logo Visa" title="bezahlen Sie einfach und sicher online mit Visa"
                                                 src="foobaa.de_all_sorts_p1_files/visa_logo.png">
                                            <img alt="Logo Master Card"
                                                 title="mit Mastercard bequem und sicher online bezahlen"
                                                 src="foobaa.de_all_sorts_p1_files/mastercard_logo.png">
                                            <img alt="Logo paydirekt"
                                                 title="sicher, einfach und direkt bezahlten mit paydirekt dem Online-Bezahlverfahren der deutschen Banken und Sparkassen"
                                                 src="foobaa.de_all_sorts_p1_files/paydirekt_logo.png">
                                            <img alt="Logo American Express"
                                                 title="bequem und sicher online bezahlen mit American Express"
                                                 src="foobaa.de_all_sorts_p1_files/american_express_logo.png">
                                            <img alt="Logo Vorkasse" title="für Sparfüchse - zahlen Sie per Vorkasse"
                                                 src="foobaa.de_all_sorts_p1_files/vorauskasse_logo.png">
                                            <img alt="Logo Nachnahme"
                                                 title="bezahlen Sie nach Erhalt Ihrer Ware, direkt und bequem an den Paketzusteller"
                                                 src="foobaa.de_all_sorts_p1_files/nachnahme_logo.png">
                                            <img alt="Logo Rechnung"
                                                 title="bezahlen Sie einfach und bequem nach Erhalt der Ware, innerhalb der Zahlungsfrist"
                                                 src="foobaa.de_all_sorts_p1_files/rechnung_logo.png">
                                        </a>
                                    </div>
                                </div>
                            </div>
                            <div class="medium-6 cell">
                                <div class="footerbox">
                                    <div class="footerbox-head">wir versenden mit</div>
                                    <div class="footerbox-body elevated">
                                        <a href="https://www.foobaa.de/foobaa.de-versandkosten">
                                            <img alt="Logo DHL" title="schnelle Lieferung Ihres Whiskies mit DHL"
                                                 src="foobaa.de_all_sorts_p1_files/dhl_logo.png">
                                            <img alt="Logo DHL-gogreen"
                                                 title="klimaneutrale Lieferung Ihres Pakets mit dem Umweltschutzprogramm gogreen von DHL"
                                                 src="foobaa.de_all_sorts_p1_files/dhl_gogreen_logo.png">
                                            <img alt="Logo Österreichische Post"
                                                 title="direkte und günstige Lieferung Ihres Whiskies mit Post.at nach Österreich"
                                                 src="foobaa.de_all_sorts_p1_files/post_at_logo.png"></a>
                                    </div>
                                </div>
                            </div>
                        </div>
                        <div class="grid-x grid-margin-x">
                            <div class="small-12 medium-6 cell">
                                <div class="footerbox">
                                    <div class="grid-x">
                                        <div class="large-6 medium-12 small-6 cell">
                                            <div class="footerbox-head">Kundenservice</div>
                                            <div class="footerbox-body">
                                                <ul>
                                                    <li><a href="https://www.foobaa.de/foobaa.de-hilfe">Hilfe (FAQ)</a>
                                                    </li>
                                                    <li><a href="https://www.foobaa.de/foobaa.de-versandkosten">Versandkosten</a>
                                                    </li>
                                                    <li><a href="https://www.foobaa.de/foobaa.de-zahlarten">Zahlungsarten</a>
                                                    </li>
                                                    <li><a href="https://www.foobaa.de/foobaa.de-fachgeschaeft">unser
                                                        Fachgeschäft</a></li>
                                                    <li>
                                                        <a href="https://www.foobaa.de/foobaa.de-gutschein">Gutscheine</a>
                                                    </li>
                                                    <li>
                                                        <a href="https://www.foobaa.de/foobaa.de-newsletter">Newsletter</a>
                                                    </li>
                                                </ul>
                                            </div>
                                        </div>
                                        <div class="large-6 medium-12 small-6 cell">
                                            <div class="footerbox-head">foobaa.de</div>
                                            <div class="footerbox-body">
                                                <ul>
                                                    <li><a href="https://www.foobaa.de/foobaa.de-agb">AGB</a></li>
                                                    <li>
                                                        <a href="https://www.foobaa.de/foobaa.de-impressum">Impressum</a>
                                                    </li>
                                                    <li><a href="https://www.foobaa.de/foobaa.de-datenschutz">Datenschutz</a>
                                                    </li>
                                                    <li><a href="https://www.foobaa.de/foobaa.de-widerrufsrecht">Widerrufsrecht</a>
                                                    </li>
                                                </ul>
                                            </div>
                                        </div>
                                    </div>
                                </div>
                            </div>
                            <div class="small-12 medium-6 cell">
                                <div class="footerbox">
                                    <div class="footerbox-head">Kontakt</div>
                                    <div class="footerbox-body text-center">Telefon: +49 (0)8555 / 406 320 <br> (Mo -
                                        Fr. 09.00 - 18.00 Uhr)
                                        <br> E-Mail: service@foobaa.de
                                        <br><br> <a href="https://www.foobaa.de/foobaa.de-kontakt">Kontaktformular</a>
                                    </div>
                                </div>
                            </div>
                        </div>
                    </div>
                    <div class="small-12 medium-4 cell">
                        <div class="cell">
                            <div class="footerbox">
                                <div class="footerbox-head">mit Sicherheit einkaufen</div>
                                <div class="footerbox-body">
                                    <div class="grid-x align-middle">
                                        <div class="small-3 medium-4 large-4 cell text-center"><img alt="Logo SSL"
                                                                                                    title="sicher einkaufen mit SSL-Datenverschlüsselung"
                                                                                                    src="foobaa.de_all_sorts_p1_files/ssl_logo.png">
                                        </div>
                                        <div class="small-9 medium-8 large-8 cell">SSL-Datenverschlüsselung Ihre Daten
                                            werden vor unbefugten Zugriff geschützt
                                        </div>
                                    </div>
                                    <div class="grid-x pad10top align-middle">
                                        <div class="small-3 medium-4 large-4 cell text-center"><a
                                                href="https://www.trustedshops.de/bewertung/info_X1683819903697E9C3321518451E9332F.html"
                                                target="_blank"><img alt="Logo Trusted Shops"
                                                                     title="Trusted Shops - sorgenfreies Onlineshopping im zertifizierten Onlineshop foobaa.de"
                                                                     src="foobaa.de_all_sorts_p1_files/trusted_shops_logo.png"></a>
                                        </div>
                                        <div class="small-9 medium-8 large-8 cell">Trusted Shops zertifizierter
                                            Onlineshop für sorgenfreies Online-Shoppingvergnügen
                                        </div>
                                    </div>
                                    <hr>
                                    <div class="grid-x align-middle">
                                        <div class="large-6 medium-12 small-6 cell text-center">
                                            <div id="eKomiWidget_default"><a
                                                    id="eKomiWidget_CRGTVRUHUUBH2SX_eKomiWidget_default"
                                                    href="https://www.ekomi.de/bewertungen-foobaa.de.html"
                                                    title="eKomi - The Feedback Company: alles perfekt!"><img
                                                    src="foobaa.de_all_sorts_p1_files/CRGTVRUHUUBH2SX-7.gif"
                                                    alt="eKomi - The Feedback Company: alles perfekt!"
                                                    title="eKomi - The Feedback Company: alles perfekt!" border="0"></a>
                                            </div>
                                        </div>
                                        <div class="large-6 medium-12 small-6 cell">
                                            <ul class="marklist">
                                                <li>schnelle Lieferzeiten</li>
                                                <li>Käuferschutz</li>
                                                <li>Datenschutz</li>
                                                <li>sichere Bezahlung mit SSL-Verschlüsselung</li>
                                            </ul>
                                        </div>
                                    </div>
                                </div>
                            </div>
                        </div>
                    </div>
                </div>
            </div>
            <div class="grid-container">
                <div class="grid-x grid-margin-x">
                    <div class="cell">
                        <div class="tax">alle Preise inkl. Steuern zzgl. evtl. <a
                                data-src="/modal/foobaa.de-versandkosten" data-fancybox="null" data-type="ajax"
                                href="https://www.foobaa.de/foobaa.de-versandkosten">Versandkosten</a></div>
                        <div class="tax">Die durchgestrichenen Preise entsprechen dem bisherigen Preis bei foobaa.de
                        </div>
                    </div>
                </div>
            </div>
        </footer>
        <a style="display: none; opacity: 1;" id="totop" href="#top" data-smooth-scroll="m3k9g1-smooth-scroll"
           data-t="46cy3y-t">«</a>
        <div class="js-off-canvas-overlay is-overlay-absolute"></div>
        <div class="js-off-canvas-overlay is-overlay-absolute"></div>
    </div>
</div>


</body>
</html>